[
  {
    "id": 4666,
    "name": "Setas de Cultivo Bandeja ",
    "description": "Setas de Cultivo Bandeja 200 Gr",
    "category": "Champiñones y setas",
    "url": "https://tienda.consum.es/es/p/setas-de-cultivo-bandeja/1313",
    "price": 1.43,
    "reference_price": 7.15,
    "iva": 0,
    "reference_unit": "1 Kg",
    "date": "2023-01-17"
  },
  {
    "id": 4668,
    "name": "Nuez Cáscara Granel ",
    "description": "Nuez Cáscara Granel",
    "category": "Nueces",
    "url": "https://tienda.consum.es/es/p/nuez-cascara-granel/1826",
    "price": 6.88,
    "reference_price": 6.88,
    "iva": 0,
    "reference_unit": "1 Kg",
    "date": "2023-01-17"
  },
  {
    "id": 4671,
    "name": "Tomate Canario ",
    "description": "Tomate Canario",
    "category": "Pepinos, tomates y pimientos",
    "url": "https://tienda.consum.es/es/p/tomate-canario/2139",
    "price": 0.22,
    "reference_price": 1.72,
    "iva": 0,
    "reference_unit": "1 Kg",
    "date": "2023-01-17"
  },
  {
    "id": 4672,
    "name": "Manzana Fuji ",
    "description": "Manzana Fuji",
    "category": "Manzana, pera y plátano",
    "url": "https://tienda.consum.es/es/p/manzana-fuji/2360",
    "price": 0.55,
    "reference_price": 2.2,
    "iva": 0,
    "reference_unit": "1 Kg",
    "date": "2023-01-17"
  },
  {
    "id": 4673,
    "name": "Pimiento Verde ",
    "description": "Pimiento Verde",
    "category": "Pepinos, tomates y pimientos",
    "url": "https://tienda.consum.es/es/p/pimiento-verde/3020",
    "price": 0.62,
    "reference_price": 2.3,
    "iva": 0,
    "reference_unit": "1 Kg",
    "date": "2023-01-17"
  },
  {
    "id": 4674,
    "name": "Judía Redonda Bandeja ",
    "description": "Judía Redonda Bandeja 250 Gr",
    "category": "Guisantes, habas y judías",
    "url": "https://tienda.consum.es/es/p/judia-redonda-bandeja/6007",
    "price": 1.14,
    "reference_price": 4.56,
    "iva": 0,
    "reference_unit": "1 Kg",
    "date": "2023-01-17"
  },
  {
    "id": 4675,
    "name": "Pomelo rojo ",
    "description": "Pomelo rojo",
    "category": "Cítricos",
    "url": "https://tienda.consum.es/es/p/pomelo-rojo/6304",
    "price": 0.78,
    "reference_price": 2.2,
    "iva": 0,
    "reference_unit": "1 Kg",
    "date": "2023-01-17"
  },
  {
    "id": 4677,
    "name": "Manzana Golden ",
    "description": "Manzana Golden",
    "category": "Manzana, pera y plátano",
    "url": "https://tienda.consum.es/es/p/manzana-golden/11155",
    "price": 0.38,
    "reference_price": 1.72,
    "iva": 0,
    "reference_unit": "1 Kg",
    "date": "2023-01-17"
  },
  {
    "id": 4678,
    "name": "Manzana Red Delicious ",
    "description": "Manzana Red Delicious",
    "category": "Manzana, pera y plátano",
    "url": "https://tienda.consum.es/es/p/manzana-red-delicious/11452",
    "price": 0.49,
    "reference_price": 1.89,
    "iva": 0,
    "reference_unit": "1 Kg",
    "date": "2023-01-17"
  },
  {
    "id": 4679,
    "name": "Leche Semidesnatada Brik PASCUAL",
    "description": "Leche Semidesnatada Brik 1 L",
    "category": "Semidesnatada",
    "url": "https://tienda.consum.es/es/p/leche-semidesnatada-brik/12542",
    "price": 1.29,
    "reference_price": 1.29,
    "iva": 0,
    "reference_unit": "1 L",
    "date": "2023-01-17"
  },
  {
    "id": 4680,
    "name": "Leche Entera Brik PASCUAL",
    "description": "Leche Entera Brik 1 L",
    "category": "Entera",
    "url": "https://tienda.consum.es/es/p/leche-entera-brik/12559",
    "price": 1.29,
    "reference_price": 1.29,
    "iva": 0,
    "reference_unit": "1 L",
    "date": "2023-01-17"
  },
  {
    "id": 4683,
    "name": "Pera Conferencia ",
    "description": "Pera Conferencia",
    "category": "Manzana, pera y plátano",
    "url": "https://tienda.consum.es/es/p/pera-conferencia/17210",
    "price": 0.44,
    "reference_price": 1.82,
    "iva": 0,
    "reference_unit": "1 Kg",
    "date": "2023-01-17"
  },
  {
    "id": 4684,
    "name": "Leche Desnatada Brik PASCUAL",
    "description": "Leche Desnatada Brik 1 L",
    "category": "Desnatada",
    "url": "https://tienda.consum.es/es/p/leche-desnatada-brik/17525",
    "price": 1.29,
    "reference_price": 1.29,
    "iva": 0,
    "reference_unit": "1 L",
    "date": "2023-01-17"
  },
  {
    "id": 4687,
    "name": "Plátano Canario ",
    "description": "Plátano Canario",
    "category": "Manzana, pera y plátano",
    "url": "https://tienda.consum.es/es/p/platano-canario/26104",
    "price": 0.4,
    "reference_price": 2.15,
    "iva": 4,
    "reference_unit": "1 Kg",
    "date": "2023-01-17"
  },
  {
    "id": 4688,
    "name": "Gaseosa Botella LA CASERA",
    "description": "Gaseosa Botella 0,5 L",
    "category": "Gaseosas y sodas",
    "url": "https://tienda.consum.es/es/p/gaseosa-botella/27102",
    "price": 0.79,
    "reference_price": 1.58,
    "iva": 21,
    "reference_unit": "1 L",
    "date": "2023-01-17"
  },
  {
    "id": 4689,
    "name": "Cacao Instantáneo Bolsa NESQUIK",
    "description": "Cacao Instantáneo Bolsa 1 Kg",
    "category": "Cacao soluble",
    "url": "https://tienda.consum.es/es/p/cacao-instantaneo-bolsa/33274",
    "price": 5.39,
    "reference_price": 5.39,
    "iva": 10,
    "reference_unit": "1 Kg",
    "date": "2023-01-17"
  },
  {
    "id": 4691,
    "name": "Lentejas a La Riojana Bote LITORAL",
    "description": "Lentejas a La Riojana Bote 425 Gr",
    "category": "Conservas",
    "url": "https://tienda.consum.es/es/p/lentejas-a-la-riojana-bote/41087",
    "price": 1.79,
    "reference_price": 4.21,
    "iva": 10,
    "reference_unit": "1 Kg",
    "date": "2023-01-17"
  },
  {
    "id": 4692,
    "name": "Melón Piel de Sapo ",
    "description": "Melón Piel de Sapo",
    "category": "Fruta de temporada",
    "url": "https://tienda.consum.es/es/p/melon-piel-de-sapo/41111",
    "price": 7.37,
    "reference_price": 1.99,
    "iva": 0,
    "reference_unit": "1 Kg",
    "date": "2023-01-17"
  },
  {
    "id": 4693,
    "name": "Laurel en Hojas Caja SABATER",
    "description": "Laurel en Hojas Caja 15 Gr",
    "category": "Especias",
    "url": "https://tienda.consum.es/es/p/laurel-en-hojas-caja/47092",
    "price": 1.09,
    "reference_price": 7.27,
    "iva": 10,
    "reference_unit": "100 Gr",
    "date": "2023-01-17"
  },
  {
    "id": 4695,
    "name": "Postre Sabor Trufa Pack de 2 Unidades LA LECHERA",
    "description": "Postre Sabor Trufa Pack de 2 Unidades 2 x 125 Gr",
    "category": "Otros postres",
    "url": "https://tienda.consum.es/es/p/postre-sabor-trufa-pack-de-2-unidades/48710",
    "price": 1.75,
    "reference_price": 7,
    "iva": 10,
    "reference_unit": "1 Kg",
    "date": "2023-01-17"
  },
  {
    "id": 4697,
    "name": "Aguacate Premadurado. ",
    "description": "Aguacate Premadurado.",
    "category": "Fruta tropical",
    "url": "https://tienda.consum.es/es/p/aguacate-premadurado/53017",
    "price": 0.87,
    "reference_price": 4.33,
    "iva": 0,
    "reference_unit": "1 Kg",
    "date": "2023-01-17"
  },
  {
    "id": 4698,
    "name": "Pepino ",
    "description": "Pepino",
    "category": "Pepinos, tomates y pimientos",
    "url": "https://tienda.consum.es/es/p/pepino/53512",
    "price": 0.31,
    "reference_price": 1.72,
    "iva": 0,
    "reference_unit": "1 Kg",
    "date": "2023-01-17"
  },
  {
    "id": 4699,
    "name": "Tortillas de Trigo Paquete 8 Unidades OLD EL PASO",
    "description": "Tortillas de Trigo Paquete 8 Unidades 326 Gr",
    "category": "Pan de hamburguesa, hot dog y wraps",
    "url": "https://tienda.consum.es/es/p/tortillas-de-trigo-paquete-8-unidades/53553",
    "price": 2.45,
    "reference_price": 7.52,
    "iva": 10,
    "reference_unit": "1 Kg",
    "date": "2023-01-17"
  },
  {
    "id": 4700,
    "name": "Mango ",
    "description": "Mango",
    "category": "Fruta tropical",
    "url": "https://tienda.consum.es/es/p/mango/54346",
    "price": 1.39,
    "reference_price": 2.78,
    "iva": 0,
    "reference_unit": "1 Kg",
    "date": "2023-01-17"
  },
  {
    "id": 4701,
    "name": "Pimiento Tipo Padrón Bandeja ",
    "description": "Pimiento Tipo Padrón Bandeja 200 Gr",
    "category": "Pepinos, tomates y pimientos",
    "url": "https://tienda.consum.es/es/p/pimiento-tipo-padron-bandeja/56713",
    "price": 1.24,
    "reference_price": 6.2,
    "iva": 0,
    "reference_unit": "1 Kg",
    "date": "2023-01-17"
  },
  {
    "id": 4702,
    "name": "Patata Selección ",
    "description": "Patata Selección",
    "category": "Patatas, cebollas y ajos",
    "url": "https://tienda.consum.es/es/p/patata-seleccion/56911",
    "price": 0.53,
    "reference_price": 1.72,
    "iva": 0,
    "reference_unit": "1 Kg",
    "date": "2023-01-17"
  },
  {
    "id": 4703,
    "name": "Tomate Ensalada. ",
    "description": "Tomate Ensalada.",
    "category": "Pepinos, tomates y pimientos",
    "url": "https://tienda.consum.es/es/p/tomate-ensalada/60012",
    "price": 0.42,
    "reference_price": 2.11,
    "iva": 0,
    "reference_unit": "1 Kg",
    "date": "2023-01-17"
  },
  {
    "id": 4705,
    "name": "Tomate Pera ",
    "description": "Tomate Pera",
    "category": "Pepinos, tomates y pimientos",
    "url": "https://tienda.consum.es/es/p/tomate-pera/63016",
    "price": 0.24,
    "reference_price": 1.82,
    "iva": 0,
    "reference_unit": "1 Kg",
    "date": "2023-01-17"
  },
  {
    "id": 4706,
    "name": "Café Express Molido Mezcla MARCILLA",
    "description": "Café Express Molido Mezcla 250 Gr",
    "category": "Café Molido mezcla",
    "url": "https://tienda.consum.es/es/p/cafe-express-molido-mezcla/64170",
    "price": 3.99,
    "reference_price": 15.96,
    "iva": 10,
    "reference_unit": "1 Kg",
    "date": "2023-01-17"
  },
  {
    "id": 4707,
    "name": "Café Creme Express Molido Descafeinado MARCILLA",
    "description": "Café Creme Express Molido Descafeinado 250 Gr",
    "category": "Café Molido descafeinado",
    "url": "https://tienda.consum.es/es/p/cafe-creme-express-molido-descafeinado/64196",
    "price": 3.99,
    "reference_price": 15.96,
    "iva": 10,
    "reference_unit": "1 Kg",
    "date": "2023-01-17"
  },
  {
    "id": 4708,
    "name": "Pimiento Rojo ",
    "description": "Pimiento Rojo",
    "category": "Pepinos, tomates y pimientos",
    "url": "https://tienda.consum.es/es/p/pimiento-rojo/66290",
    "price": 0.77,
    "reference_price": 2.39,
    "iva": 0,
    "reference_unit": "1 Kg",
    "date": "2023-01-17"
  },
  {
    "id": 4710,
    "name": "Lechuga Iceberg Peso Aproximado 350 gr ",
    "description": "Lechuga Iceberg Peso Aproximado 350 gr 0,35 Kg",
    "category": "Lechuga y endibias",
    "url": "https://tienda.consum.es/es/p/lechuga-iceberg-peso-aproximado-350-gr/71126",
    "price": 0.91,
    "reference_price": 2.6,
    "iva": 0,
    "reference_unit": "1 Kg",
    "date": "2023-01-17"
  },
  {
    "id": 4711,
    "name": "Lechuga Romana Peso Aproximado 215 gr ",
    "description": "Lechuga Romana Peso Aproximado 215 gr",
    "category": "Lechuga y endibias",
    "url": "https://tienda.consum.es/es/p/lechuga-romana-peso-aproximado-215-gr/71332",
    "price": 1.05,
    "reference_price": 5,
    "iva": 0,
    "reference_unit": "1 Kg",
    "date": "2023-01-17"
  },
  {
    "id": 4712,
    "name": "Mistela Moscatel D.O. Valencia TURIS",
    "description": "Mistela Moscatel D.O. Valencia 0,75 L",
    "category": "Finos y dulces",
    "url": "https://tienda.consum.es/es/p/mistela-moscatel-do-valencia/72280",
    "price": 4.2,
    "reference_price": 5.6,
    "iva": 21,
    "reference_unit": "1 L",
    "date": "2023-01-17"
  },
  {
    "id": 4713,
    "name": "Cebolla Seca Malla ",
    "description": "Cebolla Seca Malla 1 Kg",
    "category": "Patatas, cebollas y ajos",
    "url": "https://tienda.consum.es/es/p/cebolla-seca-malla/76018",
    "price": 1.49,
    "reference_price": 1.49,
    "iva": 0,
    "reference_unit": "1 Kg",
    "date": "2023-01-17"
  },
  {
    "id": 4714,
    "name": "PIQUETS Bolsa VELARTE",
    "description": "PIQUETS Bolsa 240 Gr",
    "category": "Rosquilletas, picos y snacks",
    "url": "https://tienda.consum.es/es/p/piquets-bolsa/78279",
    "price": 1.95,
    "reference_price": 8.13,
    "iva": 10,
    "reference_unit": "1 Kg",
    "date": "2023-01-17"
  },
  {
    "id": 4715,
    "name": "Saladitos Bolsa VELARTE",
    "description": "Saladitos Bolsa 240 Gr",
    "category": "Rosquilletas, picos y snacks",
    "url": "https://tienda.consum.es/es/p/saladitos-bolsa/78329",
    "price": 1.95,
    "reference_price": 8.13,
    "iva": 10,
    "reference_unit": "1 Kg",
    "date": "2023-01-17"
  },
  {
    "id": 4716,
    "name": "Chocolate en Polvo MEIVEL",
    "description": "Chocolate en Polvo 250 Gr",
    "category": "Cacao soluble",
    "url": "https://tienda.consum.es/es/p/chocolate-en-polvo/82263",
    "price": 1.15,
    "reference_price": 4.6,
    "iva": 10,
    "reference_unit": "1 Kg",
    "date": "2023-01-17"
  },
  {
    "id": 4717,
    "name": "Refresco Cola Botella COCA-COLA",
    "description": "Refresco Cola Botella 0,5 L",
    "category": "Cola",
    "url": "https://tienda.consum.es/es/p/refresco-cola-botella/87528",
    "price": 1.39,
    "reference_price": 2.78,
    "iva": 21,
    "reference_unit": "1 L",
    "date": "2023-01-17"
  },
  {
    "id": 4718,
    "name": "Col de Bruselas Bandeja ",
    "description": "Col de Bruselas Bandeja 500 Gr",
    "category": "Brócoli, col y coliflor",
    "url": "https://tienda.consum.es/es/p/col-de-bruselas-bandeja/90415",
    "price": 1.89,
    "reference_price": 3.78,
    "iva": 0,
    "reference_unit": "1 Kg",
    "date": "2023-01-17"
  },
  {
    "id": 4720,
    "name": "Lejía Multiusos Floral CONEJO",
    "description": "Lejía Multiusos Floral 2 L",
    "category": "Lejía normal y multiusos",
    "url": "https://tienda.consum.es/es/p/lejia-multiusos-floral/97956",
    "price": 1.99,
    "reference_price": 1,
    "iva": 21,
    "reference_unit": "1 L",
    "date": "2023-01-17"
  },
  {
    "id": 4721,
    "name": "Cebolla Tierna Manojo Peso Aproximado 300 gr ",
    "description": "Cebolla Tierna Manojo Peso Aproximado 300 gr 0,3 Kg",
    "category": "Patatas, cebollas y ajos",
    "url": "https://tienda.consum.es/es/p/cebolla-tierna-manojo-peso-aproximado-300-gr/98467",
    "price": 1.24,
    "reference_price": 4.13,
    "iva": 0,
    "reference_unit": "1 Kg",
    "date": "2023-01-17"
  },
  {
    "id": 4722,
    "name": "Vino Tinto Joven D.O.Valencia BARON TURIS",
    "description": "Vino Tinto Joven D.O.Valencia 0,75 L",
    "category": "Vinos d.o",
    "url": "https://tienda.consum.es/es/p/vino-tinto-joven-dovalencia/99143",
    "price": 2.29,
    "reference_price": 3.05,
    "iva": 21,
    "reference_unit": "1 L",
    "date": "2023-01-17"
  },
  {
    "id": 4724,
    "name": "Tónica Zero Lata SCHWEPPES",
    "description": "Tónica Zero Lata 0,33 L",
    "category": "Tónica",
    "url": "https://tienda.consum.es/es/p/tonica-zero-lata/113050",
    "price": 0.89,
    "reference_price": 2.7,
    "iva": 21,
    "reference_unit": "1 L",
    "date": "2023-01-17"
  },
  {
    "id": 4727,
    "name": "Mejillones en Escabeche Pack de 3 CALVO",
    "description": "Mejillones en Escabeche Pack de 3 3 x 40 Gr",
    "category": "Mejillones",
    "url": "https://tienda.consum.es/es/p/mejillones-en-escabeche-pack-de-3/134031",
    "price": 3.35,
    "reference_price": 27.92,
    "iva": 10,
    "reference_unit": "1 Kg",
    "date": "2023-01-17"
  },
  {
    "id": 4729,
    "name": "Pechuga de Pollo CONSUM",
    "description": "Pechuga de Pollo",
    "category": "Aves y conejo",
    "url": "https://tienda.consum.es/es/p/pechuga-de-pollo/140814",
    "price": 4.31,
    "reference_price": 7.15,
    "iva": 10,
    "reference_unit": "1 Kg",
    "date": "2023-01-17"
  },
  {
    "id": 4730,
    "name": "Cerveza Botella Cristal Pack de 12 SAN MIGUEL",
    "description": "Cerveza Botella Cristal Pack de 12 12 x 0,25 L",
    "category": "Nacional botella",
    "url": "https://tienda.consum.es/es/p/cerveza-botella-cristal-pack-de-12/142380",
    "price": 5.39,
    "reference_price": 1.8,
    "iva": 21,
    "reference_unit": "1 L",
    "date": "2023-01-17"
  },
  {
    "id": 4733,
    "name": "Croquetas de Cocido Casero con Jamón congeladas LA COCINERA",
    "description": "Croquetas de Cocido Casero con Jamón congeladas 500 Gr",
    "category": "Croquetas y empanadillas",
    "url": "https://tienda.consum.es/es/p/croquetas-de-cocido-casero-con-jamon-congeladas/143263",
    "price": 4.99,
    "reference_price": 9.98,
    "iva": 10,
    "reference_unit": "1 Kg",
    "date": "2023-01-17"
  },
  {
    "id": 4734,
    "name": "Limpia Máquinas Lavavajillas FINISH",
    "description": "Limpia Máquinas Lavavajillas 0,25 L",
    "category": "Aditivos y limpiamáquinas",
    "url": "https://tienda.consum.es/es/p/limpia-maquinas-lavavajillas/145193",
    "price": 3.75,
    "reference_price": 15,
    "iva": 21,
    "reference_unit": "1 L",
    "date": "2023-01-17"
  },
  {
    "id": 4736,
    "name": "Caldo Vegetal Deshidratado12 Pastillas KNORR",
    "description": "Caldo Vegetal Deshidratado12 Pastillas 120 Gr",
    "category": "Concentrado y pastillas",
    "url": "https://tienda.consum.es/es/p/caldo-vegetal-deshidratado12-pastillas/148189",
    "price": 1.65,
    "reference_price": 13.75,
    "iva": 10,
    "reference_unit": "1 Kg",
    "date": "2023-01-17"
  },
  {
    "id": 4739,
    "name": "Vino Tinto Crianza D.O.Rioja EL COTO",
    "description": "Vino Tinto Crianza D.O.Rioja 0,75 L",
    "category": "Vinos d.o",
    "url": "https://tienda.consum.es/es/p/vino-tinto-crianza-dorioja/151399",
    "price": 6.15,
    "reference_price": 8.2,
    "iva": 21,
    "reference_unit": "1 L",
    "date": "2023-01-17"
  },
  {
    "id": 4740,
    "name": "Cerveza Lata. EST.DAMM",
    "description": "Cerveza Lata. 0,33 L",
    "category": "Nacional lata",
    "url": "https://tienda.consum.es/es/p/cerveza-lata/156349",
    "price": 0.79,
    "reference_price": 2.39,
    "iva": 21,
    "reference_unit": "1 L",
    "date": "2023-01-17"
  },
  {
    "id": 4741,
    "name": "Leche Entera Brik PULEVA",
    "description": "Leche Entera Brik 1 L",
    "category": "Entera",
    "url": "https://tienda.consum.es/es/p/leche-entera-brik/157388",
    "price": 1.05,
    "reference_price": 1.05,
    "iva": 0,
    "reference_unit": "1 L",
    "date": "2023-01-17"
  },
  {
    "id": 4743,
    "name": "Agua Mineral Natural. Botella LANJARON",
    "description": "Agua Mineral Natural. Botella 1,5 L",
    "category": "Agua sin gas : botella",
    "url": "https://tienda.consum.es/es/p/agua-mineral-natural-botella/162925",
    "price": 0.73,
    "reference_price": 0.49,
    "iva": 10,
    "reference_unit": "1 L",
    "date": "2023-01-17"
  },
  {
    "id": 4744,
    "name": "Vino Blanco Vino de la Tiera de Cádiz A.BARBADILLO",
    "description": "Vino Blanco Vino de la Tiera de Cádiz 0,75 L",
    "category": "Vinos d.o",
    "url": "https://tienda.consum.es/es/p/vino-blanco-vino-de-la-tiera-de-cadiz/169037",
    "price": 4.75,
    "reference_price": 6.33,
    "iva": 21,
    "reference_unit": "1 L",
    "date": "2023-01-17"
  },
  {
    "id": 4745,
    "name": "Harina de Trigo Paquete GALLO",
    "description": "Harina de Trigo Paquete 1 Kg",
    "category": "Harinas y levaduras",
    "url": "https://tienda.consum.es/es/p/harina-de-trigo-paquete/170316",
    "price": 1.39,
    "reference_price": 1.39,
    "iva": 0,
    "reference_unit": "1 Kg",
    "date": "2023-01-17"
  },
  {
    "id": 4746,
    "name": "Vino Blanco D.O.Valdepeñas LOS MOLINOS",
    "description": "Vino Blanco D.O.Valdepeñas 0,75 L",
    "category": "Vinos d.o",
    "url": "https://tienda.consum.es/es/p/vino-blanco-dovaldepenas/170340",
    "price": 2.39,
    "reference_price": 3.19,
    "iva": 21,
    "reference_unit": "1 L",
    "date": "2023-01-17"
  },
  {
    "id": 4747,
    "name": "Leche Desnatada Brik PULEVA",
    "description": "Leche Desnatada Brik 1 L",
    "category": "Desnatada",
    "url": "https://tienda.consum.es/es/p/leche-desnatada-brik/172023",
    "price": 1.05,
    "reference_price": 1.05,
    "iva": 0,
    "reference_unit": "1 L",
    "date": "2023-01-17"
  },
  {
    "id": 4748,
    "name": "Actimel Líquido Natural Azucarado Pack 6 Ud. DANONE",
    "description": "Actimel Líquido Natural Azucarado Pack 6 Ud. 6 x 100 Gr",
    "category": "L-casei",
    "url": "https://tienda.consum.es/es/p/actimel-liquido-natural-azucarado-pack-6-ud/174219",
    "price": 3.79,
    "reference_price": 6.32,
    "iva": 10,
    "reference_unit": "1 Kg",
    "date": "2023-01-17"
  },
  {
    "id": 4749,
    "name": "Cebolla Seca Malla ",
    "description": "Cebolla Seca Malla 2 Kg",
    "category": "Patatas, cebollas y ajos",
    "url": "https://tienda.consum.es/es/p/cebolla-seca-malla/174490",
    "price": 2.39,
    "reference_price": 1.2,
    "iva": 0,
    "reference_unit": "1 Kg",
    "date": "2023-01-17"
  },
  {
    "id": 4752,
    "name": "Cerveza Botella Cristal SAN MIGUEL",
    "description": "Cerveza Botella Cristal 1 L",
    "category": "Nacional botella",
    "url": "https://tienda.consum.es/es/p/cerveza-botella-cristal/175588",
    "price": 1.59,
    "reference_price": 1.59,
    "iva": 21,
    "reference_unit": "1 L",
    "date": "2023-01-17"
  },
  {
    "id": 4753,
    "name": "Leche Semidesnatada Brik PULEVA",
    "description": "Leche Semidesnatada Brik 1 L",
    "category": "Semidesnatada",
    "url": "https://tienda.consum.es/es/p/leche-semidesnatada-brik/176974",
    "price": 1.05,
    "reference_price": 1.05,
    "iva": 0,
    "reference_unit": "1 L",
    "date": "2023-01-17"
  },
  {
    "id": 4754,
    "name": "Boniato Rojo ",
    "description": "Boniato Rojo",
    "category": "Patatas, cebollas y ajos",
    "url": "https://tienda.consum.es/es/p/boniato-rojo/179481",
    "price": 0.63,
    "reference_price": 2.02,
    "iva": 0,
    "reference_unit": "1 Kg",
    "date": "2023-01-17"
  },
  {
    "id": 4759,
    "name": "Agua Mineral Natural. Botella BEZOYA",
    "description": "Agua Mineral Natural. Botella 1,5 L",
    "category": "Agua sin gas : botella",
    "url": "https://tienda.consum.es/es/p/agua-mineral-natural-botella/200642",
    "price": 0.73,
    "reference_price": 0.49,
    "iva": 10,
    "reference_unit": "1 L",
    "date": "2023-01-17"
  },
  {
    "id": 4762,
    "name": "Fuet Espetec TARRADELLAS",
    "description": "Fuet Espetec 180 Gr",
    "category": "Curado",
    "url": "https://tienda.consum.es/es/p/fuet-espetec/201970",
    "price": 2.35,
    "reference_price": 13.06,
    "iva": 10,
    "reference_unit": "1 Kg",
    "date": "2023-01-17"
  },
  {
    "id": 4763,
    "name": "Cepillo Dientes de Leche BINACA",
    "description": "Cepillo Dientes de Leche 1 U",
    "category": "Cepillos de dientes",
    "url": "https://tienda.consum.es/es/p/cepillo-dientes-de-leche/202127",
    "price": 2.95,
    "reference_price": 2.95,
    "iva": 21,
    "reference_unit": "1 U",
    "date": "2023-01-17"
  },
  {
    "id": 4764,
    "name": "Bebida Energética Lata RED BULL",
    "description": "Bebida Energética Lata 0,25 L",
    "category": "Energéticas",
    "url": "https://tienda.consum.es/es/p/bebida-energetica-lata/202986",
    "price": 1.49,
    "reference_price": 5.96,
    "iva": 21,
    "reference_unit": "1 L",
    "date": "2023-01-17"
  },
  {
    "id": 4765,
    "name": "Leche Entera Botella ASTURIANA",
    "description": "Leche Entera Botella 1,5 L",
    "category": "Entera",
    "url": "https://tienda.consum.es/es/p/leche-entera-botella/203562",
    "price": 1.78,
    "reference_price": 1.19,
    "iva": 0,
    "reference_unit": "1 L",
    "date": "2023-01-17"
  },
  {
    "id": 4766,
    "name": "Leche Semidesnatada Botella ASTURIANA",
    "description": "Leche Semidesnatada Botella 1,5 L",
    "category": "Semidesnatada",
    "url": "https://tienda.consum.es/es/p/leche-semidesnatada-botella/203745",
    "price": 1.78,
    "reference_price": 1.19,
    "iva": 0,
    "reference_unit": "1 L",
    "date": "2023-01-17"
  },
  {
    "id": 4767,
    "name": "Leche Desnatada Botella ASTURIANA",
    "description": "Leche Desnatada Botella 1,5 L",
    "category": "Desnatada",
    "url": "https://tienda.consum.es/es/p/leche-desnatada-botella/203927",
    "price": 1.78,
    "reference_price": 1.19,
    "iva": 0,
    "reference_unit": "1 L",
    "date": "2023-01-17"
  },
  {
    "id": 4769,
    "name": "Yogur Sabor Limón Pack de 4 Unidades DANONE",
    "description": "Yogur Sabor Limón Pack de 4 Unidades 4 x 120 Gr",
    "category": "Yogur sabores",
    "url": "https://tienda.consum.es/es/p/yogur-sabor-limon-pack-de-4-unidades/204230",
    "price": 1.39,
    "reference_price": 2.9,
    "iva": 10,
    "reference_unit": "1 Kg",
    "date": "2023-01-17"
  },
  {
    "id": 4770,
    "name": "Yogur Sabor Fresa Pack de 4 Unidades DANONE",
    "description": "Yogur Sabor Fresa Pack de 4 Unidades 4 x 120 Gr",
    "category": "Yogur sabores",
    "url": "https://tienda.consum.es/es/p/yogur-sabor-fresa-pack-de-4-unidades/204420",
    "price": 1.39,
    "reference_price": 2.9,
    "iva": 10,
    "reference_unit": "1 Kg",
    "date": "2023-01-17"
  },
  {
    "id": 4772,
    "name": "Nata Líquida Montar Brik ASTURIANA",
    "description": "Nata Líquida Montar Brik 1 L",
    "category": "Nata para montar",
    "url": "https://tienda.consum.es/es/p/nata-liquida-montar-brik/204834",
    "price": 4.75,
    "reference_price": 4.75,
    "iva": 10,
    "reference_unit": "1 L",
    "date": "2023-01-17"
  },
  {
    "id": 4775,
    "name": "Toallitas Desmaquillantes Piel Seca y Sensible DIADERMINE",
    "description": "Toallitas Desmaquillantes Piel Seca y Sensible 20 U",
    "category": "Limpieza y desmaquilladores",
    "url": "https://tienda.consum.es/es/p/toallitas-desmaquillantes-piel-seca-y-sensible/211631",
    "price": 2.49,
    "reference_price": 0.1,
    "iva": 21,
    "reference_unit": "1 U",
    "date": "2023-01-17"
  },
  {
    "id": 4776,
    "name": "Nata Líquida Montar Brik ASTURIANA",
    "description": "Nata Líquida Montar Brik 0,5 L",
    "category": "Nata para montar",
    "url": "https://tienda.consum.es/es/p/nata-liquida-montar-brik/211862",
    "price": 2.75,
    "reference_price": 5.5,
    "iva": 10,
    "reference_unit": "1 L",
    "date": "2023-01-17"
  },
  {
    "id": 4777,
    "name": "Empanadillas de Atún congeladas 10 Unidades LA COCINERA",
    "description": "Empanadillas de Atún congeladas 10 Unidades 312 Gr",
    "category": "Croquetas y empanadillas",
    "url": "https://tienda.consum.es/es/p/empanadillas-de-atun-congeladas-10-unidades/212563",
    "price": 4.99,
    "reference_price": 15.99,
    "iva": 10,
    "reference_unit": "1 Kg",
    "date": "2023-01-17"
  },
  {
    "id": 4779,
    "name": "Salchichas Jumbo OSCAR MAYER",
    "description": "Salchichas Jumbo 350 Gr",
    "category": "Salchichas",
    "url": "https://tienda.consum.es/es/p/salchichas-jumbo/213421",
    "price": 2.45,
    "reference_price": 7,
    "iva": 10,
    "reference_unit": "1 Kg",
    "date": "2023-01-17"
  },
  {
    "id": 4780,
    "name": "Jamón Cocido Finas Lonchas TARRADELLAS",
    "description": "Jamón Cocido Finas Lonchas 125 Gr",
    "category": "Jamón cocido - york",
    "url": "https://tienda.consum.es/es/p/jamon-cocido-finas-lonchas/215632",
    "price": 2.09,
    "reference_price": 16.72,
    "iva": 10,
    "reference_unit": "1 Kg",
    "date": "2023-01-17"
  },
  {
    "id": 4781,
    "name": "Habas Baby congeladas FINDUS",
    "description": "Habas Baby congeladas 400 Gr",
    "category": "Guisantes, judías y habas",
    "url": "https://tienda.consum.es/es/p/habas-baby-congeladas/216275",
    "price": 4.8,
    "reference_price": 12,
    "iva": 0,
    "reference_unit": "1 Kg",
    "date": "2023-01-17"
  },
  {
    "id": 4782,
    "name": "Bacón en Lonchas OSCAR MAYER",
    "description": "Bacón en Lonchas 150 Gr",
    "category": "Bacon y panceta",
    "url": "https://tienda.consum.es/es/p/bacon-en-lonchas/216309",
    "price": 2.45,
    "reference_price": 16.33,
    "iva": 10,
    "reference_unit": "1 Kg",
    "date": "2023-01-17"
  },
  {
    "id": 4783,
    "name": "Lomos de Merluza congelados PESCANOVA",
    "description": "Lomos de Merluza congelados 360 Gr",
    "category": "Pescados y mariscos",
    "url": "https://tienda.consum.es/es/p/lomos-de-merluza-congelados/216713",
    "price": 6.85,
    "reference_price": 19.03,
    "iva": 10,
    "reference_unit": "1 Kg",
    "date": "2023-01-17"
  },
  {
    "id": 4785,
    "name": "Pollo Limpio CONSUM",
    "description": "Pollo Limpio",
    "category": "Aves y conejo",
    "url": "https://tienda.consum.es/es/p/pollo-limpio/218115",
    "price": 6.5,
    "reference_price": 3.25,
    "iva": 10,
    "reference_unit": "1 Kg",
    "date": "2023-01-17"
  },
  {
    "id": 4786,
    "name": "Oblea 16 Unidades BUITONI",
    "description": "Oblea 16 Unidades 160 Gr",
    "category": "Refrigeradas",
    "url": "https://tienda.consum.es/es/p/oblea-16-unidades/219253",
    "price": 1,
    "reference_price": 6.25,
    "iva": 10,
    "reference_unit": "1 Kg",
    "date": "2023-01-17"
  },
  {
    "id": 4787,
    "name": "Cintas de Bacon TARRADELLAS",
    "description": "Cintas de Bacon 150 Gr",
    "category": "Bacon y panceta",
    "url": "https://tienda.consum.es/es/p/cintas-de-bacon/219477",
    "price": 2.19,
    "reference_price": 14.6,
    "iva": 10,
    "reference_unit": "1 Kg",
    "date": "2023-01-17"
  },
  {
    "id": 4789,
    "name": "Muslitos de Pollo CONSUM",
    "description": "Muslitos de Pollo",
    "category": "Aves y conejo",
    "url": "https://tienda.consum.es/es/p/muslitos-de-pollo/220707",
    "price": 3.17,
    "reference_price": 4.5,
    "iva": 10,
    "reference_unit": "1 Kg",
    "date": "2023-01-17"
  },
  {
    "id": 4790,
    "name": "Queso Fundido Porciones EL CASERIO",
    "description": "Queso Fundido Porciones 250 Gr",
    "category": "Quesos Fundidos",
    "url": "https://tienda.consum.es/es/p/queso-fundido-porciones/221309",
    "price": 2.39,
    "reference_price": 9.56,
    "iva": 0,
    "reference_unit": "1 Kg",
    "date": "2023-01-17"
  },
  {
    "id": 4791,
    "name": "Contramuslos sin Piel CONSUM",
    "description": "Contramuslos sin Piel",
    "category": "Aves y conejo",
    "url": "https://tienda.consum.es/es/p/contramuslos-sin-piel/221606",
    "price": 3.38,
    "reference_price": 4.8,
    "iva": 10,
    "reference_unit": "1 Kg",
    "date": "2023-01-17"
  },
  {
    "id": 4794,
    "name": "Activia Natural Yogur Bífidus Pack 4 Un DANONE",
    "description": "Activia Natural Yogur Bífidus Pack 4 Un 4 x 120 Gr",
    "category": "Bífidus",
    "url": "https://tienda.consum.es/es/p/activia-natural-yogur-bifidus-pack-4-un/224642",
    "price": 2.69,
    "reference_price": 5.6,
    "iva": 10,
    "reference_unit": "1 Kg",
    "date": "2023-01-17"
  },
  {
    "id": 4795,
    "name": "Carcasas de Pollo CONSUM",
    "description": "Carcasas de Pollo",
    "category": "Aves y conejo",
    "url": "https://tienda.consum.es/es/p/carcasas-de-pollo/224972",
    "price": 1.67,
    "reference_price": 1.5,
    "iva": 10,
    "reference_unit": "1 Kg",
    "date": "2023-01-17"
  },
  {
    "id": 4797,
    "name": "Yogur Natural Pack de 8 Unidades DANONE",
    "description": "Yogur Natural Pack de 8 Unidades 8 x 120 Gr",
    "category": "Yogur natural y azucarado",
    "url": "https://tienda.consum.es/es/p/yogur-natural-pack-de-8-unidades/227652",
    "price": 2.39,
    "reference_price": 2.49,
    "iva": 10,
    "reference_unit": "1 Kg",
    "date": "2023-01-17"
  },
  {
    "id": 4798,
    "name": "Vitalínea 0%0% Sabor Limón DANONE",
    "description": "Vitalínea 0%0% Sabor Limón 4 x 120 Gr",
    "category": "Yogur sabores desnatado",
    "url": "https://tienda.consum.es/es/p/vitalinea-00-sabor-limon/227793",
    "price": 1.89,
    "reference_price": 3.94,
    "iva": 10,
    "reference_unit": "1 Kg",
    "date": "2023-01-17"
  },
  {
    "id": 4799,
    "name": "Peskitos de Merluza congelados PESCANOVA",
    "description": "Peskitos de Merluza congelados 400 Gr",
    "category": "Pescado y marisco",
    "url": "https://tienda.consum.es/es/p/peskitos-de-merluza-congelados/229724",
    "price": 3.69,
    "reference_price": 9.23,
    "iva": 10,
    "reference_unit": "1 Kg",
    "date": "2023-01-17"
  },
  {
    "id": 4800,
    "name": "Yogur Natural Azucarado Pack de 8 Unidades DANONE",
    "description": "Yogur Natural Azucarado Pack de 8 Unidades 8 x 120 Gr",
    "category": "Yogur natural y azucarado",
    "url": "https://tienda.consum.es/es/p/yogur-natural-azucarado-pack-de-8-unidades/230920",
    "price": 2.39,
    "reference_price": 2.49,
    "iva": 10,
    "reference_unit": "1 Kg",
    "date": "2023-01-17"
  },
  {
    "id": 4801,
    "name": "Salto 3 Delicias Tradicional congelado FINDUS",
    "description": "Salto 3 Delicias Tradicional congelado 500 Gr",
    "category": "Carne, verduras y otros",
    "url": "https://tienda.consum.es/es/p/salto-3-delicias-tradicional-congelado/231357",
    "price": 3.39,
    "reference_price": 6.78,
    "iva": 10,
    "reference_unit": "1 Kg",
    "date": "2023-01-17"
  },
  {
    "id": 4802,
    "name": "Queso Fundido 16 Porciones VACA QUE RIE",
    "description": "Queso Fundido 16 Porciones 250 Gr",
    "category": "Quesos Fundidos",
    "url": "https://tienda.consum.es/es/p/queso-fundido-16-porciones/231514",
    "price": 2.78,
    "reference_price": 11.12,
    "iva": 0,
    "reference_unit": "1 Kg",
    "date": "2023-01-17"
  },
  {
    "id": 4803,
    "name": "Longaniza Imperial ELPOZO",
    "description": "Longaniza Imperial 230 Gr",
    "category": "Curado",
    "url": "https://tienda.consum.es/es/p/longaniza-imperial/231779",
    "price": 3.45,
    "reference_price": 13.8,
    "iva": 10,
    "reference_unit": "1 Kg",
    "date": "2023-01-17"
  },
  {
    "id": 4804,
    "name": "Margarina Vegetal Tarrina LIGERESA",
    "description": "Margarina Vegetal Tarrina 250 Gr",
    "category": "Mantequilla y margarina",
    "url": "https://tienda.consum.es/es/p/margarina-vegetal-tarrina/234807",
    "price": 1.69,
    "reference_price": 6.76,
    "iva": 10,
    "reference_unit": "1 Kg",
    "date": "2023-01-17"
  },
  {
    "id": 4805,
    "name": "Salchichas Wieners OSCAR MAYER",
    "description": "Salchichas Wieners 200 Gr",
    "category": "Salchichas",
    "url": "https://tienda.consum.es/es/p/salchichas-wieners/235010",
    "price": 1.35,
    "reference_price": 6.75,
    "iva": 10,
    "reference_unit": "1 Kg",
    "date": "2023-01-17"
  },
  {
    "id": 4806,
    "name": "Activia Frutas Bosque Yogur Bífidus P-4 ud. DANONE",
    "description": "Activia Frutas Bosque Yogur Bífidus P-4 ud. 4 x 120 Gr",
    "category": "Bífidus",
    "url": "https://tienda.consum.es/es/p/activia-frutas-bosque-yogur-bifidus-p-4-ud/236141",
    "price": 2.89,
    "reference_price": 6.02,
    "iva": 10,
    "reference_unit": "1 Kg",
    "date": "2023-01-17"
  },
  {
    "id": 4808,
    "name": "Paninis Jamón y Queso congelados DR.OETKER",
    "description": "Paninis Jamón y Queso congelados 250 Gr",
    "category": "Pizza congelada",
    "url": "https://tienda.consum.es/es/p/paninis-jamon-y-queso-congelados/237545",
    "price": 3.45,
    "reference_price": 13.8,
    "iva": 10,
    "reference_unit": "1 Kg",
    "date": "2023-01-17"
  },
  {
    "id": 6177,
    "name": "Verduras para Cocido Peso Variable ",
    "description": "Verduras para Cocido Peso Variable",
    "category": "Otras verduras",
    "url": "https://tienda.consum.es/es/p/verduras-para-cocido-peso-variable/7106438",
    "price": 1.7,
    "reference_price": 1.53,
    "iva": 0,
    "reference_unit": "1 Kg",
    "date": "2023-01-17"
  },
  {
    "id": 6180,
    "name": "Desodorante Spray Cuidado 24 Horas Men LACTOVIT",
    "description": "Desodorante Spray Cuidado 24 Horas Men 200 ml",
    "category": "Spray",
    "url": "https://tienda.consum.es/es/p/desodorante-spray-cuidado-24-horas-men/7106581",
    "price": 3.15,
    "reference_price": 1.58,
    "iva": 21,
    "reference_unit": "100 ml",
    "date": "2023-01-17"
  },
  {
    "id": 6181,
    "name": "Detergente en Polvo Bolsa DIXAN",
    "description": "Detergente en Polvo Bolsa 15 Lv",
    "category": "Máquina polvo",
    "url": "https://tienda.consum.es/es/p/detergente-en-polvo-bolsa/7106628",
    "price": 4.09,
    "reference_price": 0.27,
    "iva": 21,
    "reference_unit": "1 Lv",
    "date": "2023-01-17"
  },
  {
    "id": 6183,
    "name": "Vino Tinto Joven D.O.Valdepeñas SEÑOR.LLANOS",
    "description": "Vino Tinto Joven D.O.Valdepeñas 0,75 L",
    "category": "Vinos d.o",
    "url": "https://tienda.consum.es/es/p/vino-tinto-joven-dovaldepenas/7107233",
    "price": 2.25,
    "reference_price": 3,
    "iva": 21,
    "reference_unit": "1 L",
    "date": "2023-01-17"
  },
  {
    "id": 6186,
    "name": "Protege Slip Fresh más 4 ud de Regalo CAREFREE",
    "description": "Protege Slip Fresh más 4 ud de Regalo 44 U",
    "category": "Compresas y protegeslips",
    "url": "https://tienda.consum.es/es/p/protege-slip-fresh-mas-4-ud-de-regalo/7107399",
    "price": 2.03,
    "reference_price": 0.05,
    "iva": 4,
    "reference_unit": "1 U",
    "date": "2023-01-17"
  },
  {
    "id": 6191,
    "name": "Gel Baño Rosa Mosqueta NELLY",
    "description": "Gel Baño Rosa Mosqueta 750 ml",
    "category": "Gel de baño",
    "url": "https://tienda.consum.es/es/p/gel-bano-rosa-mosqueta/7107720",
    "price": 2.35,
    "reference_price": 0.31,
    "iva": 21,
    "reference_unit": "100 ml",
    "date": "2023-01-17"
  },
  {
    "id": 6193,
    "name": "Protegeslip Maxi Plus CAREFREE",
    "description": "Protegeslip Maxi Plus 36 U",
    "category": "Compresas y protegeslips",
    "url": "https://tienda.consum.es/es/p/protegeslip-maxi-plus/7107915",
    "price": 2.22,
    "reference_price": 0.06,
    "iva": 4,
    "reference_unit": "1 U",
    "date": "2023-01-17"
  },
  {
    "id": 6194,
    "name": "Filete Atún Claro Aceite de Oliva Frasco CALVO",
    "description": "Filete Atún Claro Aceite de Oliva Frasco 163 Gr",
    "category": "Atún y bonito",
    "url": "https://tienda.consum.es/es/p/filete-atun-claro-aceite-de-oliva-frasco/7107972",
    "price": 5.2,
    "reference_price": 31.9,
    "iva": 10,
    "reference_unit": "1 Kg",
    "date": "2023-01-17"
  },
  {
    "id": 6195,
    "name": "Protege Slip Transpirable más 4 ud Regalo CAREFREE",
    "description": "Protege Slip Transpirable más 4 ud Regalo 44 U",
    "category": "Compresas y protegeslips",
    "url": "https://tienda.consum.es/es/p/protege-slip-transpirable-mas-4-ud-regalo/7108116",
    "price": 1.88,
    "reference_price": 0.04,
    "iva": 4,
    "reference_unit": "1 U",
    "date": "2023-01-17"
  },
  {
    "id": 6196,
    "name": "Galletas Oreo Chocolate LU",
    "description": "Galletas Oreo Chocolate 154 Gr",
    "category": "Galletas de chocolate",
    "url": "https://tienda.consum.es/es/p/galletas-oreo-chocolate/7108223",
    "price": 1.35,
    "reference_price": 8.77,
    "iva": 10,
    "reference_unit": "1 Kg",
    "date": "2023-01-17"
  },
  {
    "id": 6198,
    "name": "Vino Tinto Cabernet D.O.Utiel-Requena HOYA CADENAS",
    "description": "Vino Tinto Cabernet D.O.Utiel-Requena 0,75 L",
    "category": "Vinos d.o",
    "url": "https://tienda.consum.es/es/p/vino-tinto-cabernet-doutiel-requena/7108389",
    "price": 5.49,
    "reference_price": 7.32,
    "iva": 21,
    "reference_unit": "1 L",
    "date": "2023-01-17"
  },
  {
    "id": 6200,
    "name": "Chocolate Negro Postres CONSUM",
    "description": "Chocolate Negro Postres 200 Gr",
    "category": "Tabletas",
    "url": "https://tienda.consum.es/es/p/chocolate-negro-postres/7108504",
    "price": 0.9,
    "reference_price": 4.5,
    "iva": 10,
    "reference_unit": "1 Kg",
    "date": "2023-01-17"
  },
  {
    "id": 6201,
    "name": "Chocolate Negro 55% con Almendra CONSUM",
    "description": "Chocolate Negro 55% con Almendra 150 Gr",
    "category": "Tabletas",
    "url": "https://tienda.consum.es/es/p/chocolate-negro-55-con-almendra/7108512",
    "price": 0.99,
    "reference_price": 6.6,
    "iva": 10,
    "reference_unit": "1 Kg",
    "date": "2023-01-17"
  },
  {
    "id": 6203,
    "name": "Maquinilla de 2 Hojas Desechable Mango Corto PERSONNA",
    "description": "Maquinilla de 2 Hojas Desechable Mango Corto 10 U",
    "category": "Maquinillas de afeitar",
    "url": "https://tienda.consum.es/es/p/maquinilla-de-2-hojas-desechable-mango-corto/7108678",
    "price": 0.95,
    "reference_price": 0.1,
    "iva": 21,
    "reference_unit": "1 U",
    "date": "2023-01-17"
  },
  {
    "id": 6205,
    "name": "Chocolate Relleno Caramelo MILKA",
    "description": "Chocolate Relleno Caramelo 100 Gr",
    "category": "Tabletas",
    "url": "https://tienda.consum.es/es/p/chocolate-relleno-caramelo/7109036",
    "price": 1.3,
    "reference_price": 13,
    "iva": 10,
    "reference_unit": "1 Kg",
    "date": "2023-01-17"
  },
  {
    "id": 6206,
    "name": "Chocolate Relleno Caramelo y Avellana MILKA",
    "description": "Chocolate Relleno Caramelo y Avellana 300 Gr",
    "category": "Tabletas",
    "url": "https://tienda.consum.es/es/p/chocolate-relleno-caramelo-y-avellana/7109044",
    "price": 3.39,
    "reference_price": 11.3,
    "iva": 10,
    "reference_unit": "1 Kg",
    "date": "2023-01-17"
  },
  {
    "id": 6210,
    "name": "Pepinillos Estilo Alemán Frasco ORZECH",
    "description": "Pepinillos Estilo Alemán Frasco 880 Gr",
    "category": "Pepinillos",
    "url": "https://tienda.consum.es/es/p/pepinillos-estilo-aleman-frasco/7109858",
    "price": 2.99,
    "reference_price": 3.4,
    "iva": 10,
    "reference_unit": "1 Kg",
    "date": "2023-01-17"
  },
  {
    "id": 6211,
    "name": "Merluza Empanada congelada PESCANOVA",
    "description": "Merluza Empanada congelada 340 Gr",
    "category": "Pescado y marisco",
    "url": "https://tienda.consum.es/es/p/merluza-empanada-congelada/7109973",
    "price": 3.89,
    "reference_price": 11.44,
    "iva": 10,
    "reference_unit": "1 Kg",
    "date": "2023-01-17"
  },
  {
    "id": 6212,
    "name": "Bocaditos 18 Unidades CONSUM",
    "description": "Bocaditos 18 Unidades 370 Gr",
    "category": "Bollería industrial",
    "url": "https://tienda.consum.es/es/p/bocaditos-18-unidades/7110161",
    "price": 1.39,
    "reference_price": 3.76,
    "iva": 10,
    "reference_unit": "1 Kg",
    "date": "2023-01-17"
  },
  {
    "id": 6213,
    "name": "Bocaditos Chocolate 12 Unidades CONSUM",
    "description": "Bocaditos Chocolate 12 Unidades 330 Gr",
    "category": "Bollería industrial",
    "url": "https://tienda.consum.es/es/p/bocaditos-chocolate-12-unidades/7110166",
    "price": 1.35,
    "reference_price": 4.09,
    "iva": 10,
    "reference_unit": "1 Kg",
    "date": "2023-01-17"
  },
  {
    "id": 6217,
    "name": "Higiénico Triple Capa Seda 4 Rollos más 2 Gratis FOXY",
    "description": "Higiénico Triple Capa Seda 4 Rollos más 2 Gratis 6 U",
    "category": "Papel higiénico",
    "url": "https://tienda.consum.es/es/p/higienico-triple-capa-seda-4-rollos-mas-2-gratis/7110232",
    "price": 4.25,
    "reference_price": 0.71,
    "iva": 21,
    "reference_unit": "1 U",
    "date": "2023-01-17"
  },
  {
    "id": 6218,
    "name": "Tarrina Sobrasada ELPOZO",
    "description": "Tarrina Sobrasada 250 Gr",
    "category": "Sobrasada",
    "url": "https://tienda.consum.es/es/p/tarrina-sobrasada/7110307",
    "price": 1.99,
    "reference_price": 7.96,
    "iva": 10,
    "reference_unit": "1 Kg",
    "date": "2023-01-17"
  },
  {
    "id": 6219,
    "name": "Bifrutas Tropical BIFRUTAS",
    "description": "Bifrutas Tropical 1 L",
    "category": "Zumos con leche",
    "url": "https://tienda.consum.es/es/p/bifrutas-tropical/7110401",
    "price": 2.29,
    "reference_price": 2.29,
    "iva": 21,
    "reference_unit": "1 L",
    "date": "2023-01-17"
  },
  {
    "id": 6222,
    "name": "Tarta de Manzana 1 Unidad ",
    "description": "Tarta de Manzana 1 Unidad 125 Gr",
    "category": "Napolitanas y hojaldres",
    "url": "https://tienda.consum.es/es/p/tarta-de-manzana-1-unidad/7110844",
    "price": 1.25,
    "reference_price": 10,
    "iva": 10,
    "reference_unit": "1 Kg",
    "date": "2023-01-17"
  },
  {
    "id": 6223,
    "name": "Gel Higienizante Manos Hidro-Alcohólico ANIAN",
    "description": "Gel Higienizante Manos Hidro-Alcohólico 100 ml",
    "category": "Gel de manos",
    "url": "https://tienda.consum.es/es/p/gel-higienizante-manos-hidro-alcoholico/7111131",
    "price": 1.99,
    "reference_price": 1.99,
    "iva": 21,
    "reference_unit": "100 ml",
    "date": "2023-01-17"
  },
  {
    "id": 6225,
    "name": "Copa Cava Reutilizable Trasparentes FRACOVI",
    "description": "Copa Cava Reutilizable Trasparentes 6 U",
    "category": "Desechables",
    "url": "https://tienda.consum.es/es/p/copa-cava-reutilizable-trasparentes/7111255",
    "price": 1.6,
    "reference_price": 0.27,
    "iva": 21,
    "reference_unit": "1 U",
    "date": "2023-01-17"
  },
  {
    "id": 6227,
    "name": "Mascarilla Total Repair5 ELVIVE",
    "description": "Mascarilla Total Repair5 300 ml",
    "category": "Mascarillas cabello",
    "url": "https://tienda.consum.es/es/p/mascarilla-total-repair5/7111326",
    "price": 4,
    "reference_price": 1.33,
    "iva": 21,
    "reference_unit": "100 ml",
    "date": "2023-01-17"
  },
  {
    "id": 6228,
    "name": "Mascarilla Color Vive ELVIVE",
    "description": "Mascarilla Color Vive 300 ml",
    "category": "Mascarillas cabello",
    "url": "https://tienda.consum.es/es/p/mascarilla-color-vive/7111354",
    "price": 4,
    "reference_price": 1.33,
    "iva": 21,
    "reference_unit": "100 ml",
    "date": "2023-01-17"
  },
  {
    "id": 6229,
    "name": "Miel Milflores Panal Dosificador GRANJA S.FCO",
    "description": "Miel Milflores Panal Dosificador 425 Gr",
    "category": "Miel",
    "url": "https://tienda.consum.es/es/p/miel-milflores-panal-dosificador/7111529",
    "price": 6.45,
    "reference_price": 15.18,
    "iva": 10,
    "reference_unit": "1 Kg",
    "date": "2023-01-17"
  },
  {
    "id": 6230,
    "name": "Papel Cocina Compacto Mega3 2 Unid.Igual a 6 FOXY",
    "description": "Papel Cocina Compacto Mega3 2 Unid.Igual a 6 2 U",
    "category": "Papel de cocina",
    "url": "https://tienda.consum.es/es/p/papel-cocina-compacto-mega3-2-unidigual-a-6/7111784",
    "price": 4.29,
    "reference_price": 2.15,
    "iva": 21,
    "reference_unit": "1 U",
    "date": "2023-01-17"
  },
  {
    "id": 6231,
    "name": "Plumero de Avestruz KORONIS",
    "description": "Plumero de Avestruz 1 U",
    "category": "Bayetas, gamuzas y plumeros",
    "url": "https://tienda.consum.es/es/p/plumero-de-avestruz/7111842",
    "price": 3.5,
    "reference_price": 3.5,
    "iva": 21,
    "reference_unit": "1 U",
    "date": "2023-01-17"
  },
  {
    "id": 6232,
    "name": "Solomillo de Pollo . CONSUM",
    "description": "Solomillo de Pollo .",
    "category": "Aves y conejo",
    "url": "https://tienda.consum.es/es/p/solomillo-de-pollo-/7112266",
    "price": 4.3,
    "reference_price": 8.6,
    "iva": 10,
    "reference_unit": "1 Kg",
    "date": "2023-01-17"
  },
  {
    "id": 6233,
    "name": "Alas Partidas de Pollo CONSUM",
    "description": "Alas Partidas de Pollo",
    "category": "Aves y conejo",
    "url": "https://tienda.consum.es/es/p/alas-partidas-de-pollo/7112365",
    "price": 2.8,
    "reference_price": 5.59,
    "iva": 10,
    "reference_unit": "1 Kg",
    "date": "2023-01-17"
  },
  {
    "id": 6238,
    "name": "Cerveza Gran Reserva CRUZCAMPO",
    "description": "Cerveza Gran Reserva 0,33 L",
    "category": "Nacional botella",
    "url": "https://tienda.consum.es/es/p/cerveza-gran-reserva/7112717",
    "price": 1.25,
    "reference_price": 3.79,
    "iva": 21,
    "reference_unit": "1 L",
    "date": "2023-01-17"
  },
  {
    "id": 6240,
    "name": "Masa de Hojaldre congelada CONSUM",
    "description": "Masa de Hojaldre congelada 500 Gr",
    "category": "Pizza congelada",
    "url": "https://tienda.consum.es/es/p/masa-de-hojaldre-congelada/7113020",
    "price": 1.95,
    "reference_price": 3.9,
    "iva": 10,
    "reference_unit": "1 Kg",
    "date": "2023-01-17"
  },
  {
    "id": 6242,
    "name": "Bebida de Soja Brik VIVESOY",
    "description": "Bebida de Soja Brik 1 L",
    "category": "Bebidas vegetales",
    "url": "https://tienda.consum.es/es/p/bebida-de-soja-brik/7113033",
    "price": 1.79,
    "reference_price": 1.79,
    "iva": 10,
    "reference_unit": "1 L",
    "date": "2023-01-17"
  },
  {
    "id": 6243,
    "name": "Masa Brisa BUITONI",
    "description": "Masa Brisa 230 Gr",
    "category": "Refrigeradas",
    "url": "https://tienda.consum.es/es/p/masa-brisa/7113223",
    "price": 2.1,
    "reference_price": 9.13,
    "iva": 10,
    "reference_unit": "1 Kg",
    "date": "2023-01-17"
  },
  {
    "id": 6248,
    "name": "Bebida Soja Original Brik Sin Azúcares Añadidos CONSUM",
    "description": "Bebida Soja Original Brik Sin Azúcares Añadidos 1 L",
    "category": "Bebidas vegetales",
    "url": "https://tienda.consum.es/es/p/bebida-soja-original-brik-sin-azucares-anadidos/7113756",
    "price": 0.9,
    "reference_price": 0.9,
    "iva": 10,
    "reference_unit": "1 L",
    "date": "2023-01-17"
  },
  {
    "id": 6249,
    "name": "Bebida de Soja Enriquecida con Calcio CONSUM",
    "description": "Bebida de Soja Enriquecida con Calcio 1 L",
    "category": "Bebidas vegetales",
    "url": "https://tienda.consum.es/es/p/bebida-de-soja-enriquecida-con-calcio/7113764",
    "price": 0.8,
    "reference_price": 0.8,
    "iva": 10,
    "reference_unit": "1 L",
    "date": "2023-01-17"
  },
  {
    "id": 6250,
    "name": "Bebida Isotónica Limón Botella AQUARIUS",
    "description": "Bebida Isotónica Limón Botella 1,5 L",
    "category": "Isotónicas botella",
    "url": "https://tienda.consum.es/es/p/bebida-isotonica-limon-botella/7114002",
    "price": 1.8,
    "reference_price": 1.2,
    "iva": 21,
    "reference_unit": "1 L",
    "date": "2023-01-17"
  },
  {
    "id": 6251,
    "name": "Bebida Isotónica Naranja Botella AQUARIUS",
    "description": "Bebida Isotónica Naranja Botella 1,5 L",
    "category": "Isotónicas botella",
    "url": "https://tienda.consum.es/es/p/bebida-isotonica-naranja-botella/7114015",
    "price": 1.8,
    "reference_price": 1.2,
    "iva": 21,
    "reference_unit": "1 L",
    "date": "2023-01-17"
  },
  {
    "id": 6252,
    "name": "Crema de Setas con Champiñones KNORR",
    "description": "Crema de Setas con Champiñones 0,5 L",
    "category": "Cremas",
    "url": "https://tienda.consum.es/es/p/crema-de-setas-con-champinones/7114049",
    "price": 2.29,
    "reference_price": 4.58,
    "iva": 10,
    "reference_unit": "1 L",
    "date": "2023-01-17"
  },
  {
    "id": 6255,
    "name": "Caramelo con Muñeco Más 3 Recambios PEZ",
    "description": "Caramelo con Muñeco Más 3 Recambios 26 Gr",
    "category": "Chicles, caramelos y gominolas",
    "url": "https://tienda.consum.es/es/p/caramelo-con-muneco-mas-3-recambios/7114288",
    "price": 2.05,
    "reference_price": 7.88,
    "iva": 10,
    "reference_unit": "100 Gr",
    "date": "2023-01-17"
  },
  {
    "id": 6256,
    "name": "Cacao Puro en Polvo sin Azúcar VALOR",
    "description": "Cacao Puro en Polvo sin Azúcar 250 Gr",
    "category": "Cacao soluble",
    "url": "https://tienda.consum.es/es/p/cacao-puro-en-polvo-sin-azucar/7114630",
    "price": 3.99,
    "reference_price": 15.96,
    "iva": 10,
    "reference_unit": "1 Kg",
    "date": "2023-01-17"
  },
  {
    "id": 6257,
    "name": "Chocolate con leche y Almendras sin Azúcar VALOR",
    "description": "Chocolate con leche y Almendras sin Azúcar 150 Gr",
    "category": "Tabletas",
    "url": "https://tienda.consum.es/es/p/chocolate-con-leche-y-almendras-sin-azucar/7114635",
    "price": 2.85,
    "reference_price": 19,
    "iva": 10,
    "reference_unit": "1 Kg",
    "date": "2023-01-17"
  },
  {
    "id": 6258,
    "name": "Chocolate Negro 55% CONSUM",
    "description": "Chocolate Negro 55% 150 Gr",
    "category": "Tabletas",
    "url": "https://tienda.consum.es/es/p/chocolate-negro-55/7114903",
    "price": 0.75,
    "reference_price": 5,
    "iva": 10,
    "reference_unit": "1 Kg",
    "date": "2023-01-17"
  },
  {
    "id": 6259,
    "name": "Jamón Cocido CAMPOFRÍO",
    "description": "Jamón Cocido 80 Gr",
    "category": "Jamón cocido - york",
    "url": "https://tienda.consum.es/es/p/jamon-cocido/7114929",
    "price": 1,
    "reference_price": 12.5,
    "iva": 10,
    "reference_unit": "1 Kg",
    "date": "2023-01-17"
  },
  {
    "id": 6260,
    "name": "Huevos Camperos 1/2 Docena MONTERDE",
    "description": "Huevos Camperos 1/2 Docena 0,5 Dc",
    "category": "Huevos",
    "url": "https://tienda.consum.es/es/p/huevos-camperos-1/2-docena/7114932",
    "price": 1.59,
    "reference_price": 3.18,
    "iva": 0,
    "reference_unit": "1 Dc",
    "date": "2023-01-17"
  },
  {
    "id": 6261,
    "name": "Infusión Delgaxan Plus 20 Bolsitas POMPADOUR",
    "description": "Infusión Delgaxan Plus 20 Bolsitas 20 U",
    "category": "Otras infusiones",
    "url": "https://tienda.consum.es/es/p/infusion-delgaxan-plus-20-bolsitas/7116432",
    "price": 2.75,
    "reference_price": 0.14,
    "iva": 10,
    "reference_unit": "1 U",
    "date": "2023-01-17"
  },
  {
    "id": 6264,
    "name": "Jugoso al Horno Hierbas Provenzales MAGGI",
    "description": "Jugoso al Horno Hierbas Provenzales 34 Gr",
    "category": "Sazonadores",
    "url": "https://tienda.consum.es/es/p/jugoso-al-horno-hierbas-provenzales/7116499",
    "price": 1.19,
    "reference_price": 3.5,
    "iva": 10,
    "reference_unit": "100 Gr",
    "date": "2023-01-17"
  },
  {
    "id": 6266,
    "name": "Refresco Té Limón Botella NESTEA",
    "description": "Refresco Té Limón Botella 1,5 L",
    "category": "Té",
    "url": "https://tienda.consum.es/es/p/refresco-te-limon-botella/7116564",
    "price": 1.95,
    "reference_price": 1.3,
    "iva": 21,
    "reference_unit": "1 L",
    "date": "2023-01-17"
  },
  {
    "id": 6267,
    "name": "Refresco Té Limón sin Azúcar Botella NESTEA",
    "description": "Refresco Té Limón sin Azúcar Botella 1,5 L",
    "category": "Té",
    "url": "https://tienda.consum.es/es/p/refresco-te-limon-sin-azucar-botella/7116572",
    "price": 1.95,
    "reference_price": 1.3,
    "iva": 21,
    "reference_unit": "1 L",
    "date": "2023-01-17"
  },
  {
    "id": 6268,
    "name": "Capriccio Brotes Bolsa CONSUM",
    "description": "Capriccio Brotes Bolsa 70 Gr",
    "category": "Ensaladas y brotes",
    "url": "https://tienda.consum.es/es/p/capriccio-brotes-bolsa/7116606",
    "price": 0.95,
    "reference_price": 13.57,
    "iva": 0,
    "reference_unit": "1 Kg",
    "date": "2023-01-17"
  },
  {
    "id": 6269,
    "name": "Leche Semidesnatada sin Lactosa PASCUAL",
    "description": "Leche Semidesnatada sin Lactosa 1 L",
    "category": "Semidesnatada",
    "url": "https://tienda.consum.es/es/p/leche-semidesnatada-sin-lactosa/7116627",
    "price": 1.43,
    "reference_price": 1.43,
    "iva": 0,
    "reference_unit": "1 L",
    "date": "2023-01-17"
  },
  {
    "id": 6270,
    "name": "Leche Desnatada sin Lactosa PASCUAL",
    "description": "Leche Desnatada sin Lactosa 1 L",
    "category": "Desnatada",
    "url": "https://tienda.consum.es/es/p/leche-desnatada-sin-lactosa/7116630",
    "price": 1.43,
    "reference_price": 1.43,
    "iva": 0,
    "reference_unit": "1 L",
    "date": "2023-01-17"
  },
  {
    "id": 6272,
    "name": "Pan Tostado Bolsa CONSUM",
    "description": "Pan Tostado Bolsa 200 Gr",
    "category": "Tostadas y minibiscotes",
    "url": "https://tienda.consum.es/es/p/pan-tostado-bolsa/7116833",
    "price": 0.69,
    "reference_price": 3.45,
    "iva": 10,
    "reference_unit": "1 Kg",
    "date": "2023-01-17"
  },
  {
    "id": 6273,
    "name": "Pan Tostado Integral bolsa CONSUM",
    "description": "Pan Tostado Integral bolsa 200 Gr",
    "category": "Rosquilletas, picos y snacks",
    "url": "https://tienda.consum.es/es/p/pan-tostado-integral-bolsa/7116838",
    "price": 0.69,
    "reference_price": 3.45,
    "iva": 10,
    "reference_unit": "1 Kg",
    "date": "2023-01-17"
  },
  {
    "id": 6274,
    "name": "Preparado Lácteo Omega 3 con Nueces PULEVA",
    "description": "Preparado Lácteo Omega 3 con Nueces 1 L",
    "category": "Preparados lácteos",
    "url": "https://tienda.consum.es/es/p/preparado-lacteo-omega-3-con-nueces/7116986",
    "price": 1.85,
    "reference_price": 1.85,
    "iva": 10,
    "reference_unit": "1 L",
    "date": "2023-01-17"
  },
  {
    "id": 6278,
    "name": "Tomate Natural Rallado Tarrina SURINVER",
    "description": "Tomate Natural Rallado Tarrina 230 Gr",
    "category": "Pepinos, tomates y pimientos",
    "url": "https://tienda.consum.es/es/p/tomate-natural-rallado-tarrina/7117245",
    "price": 1.49,
    "reference_price": 6.48,
    "iva": 10,
    "reference_unit": "1 Kg",
    "date": "2023-01-17"
  },
  {
    "id": 6279,
    "name": "Queso Fundido Light 16 Lonchas CONSUM",
    "description": "Queso Fundido Light 16 Lonchas 300 Gr",
    "category": "Barra y otros nacionales",
    "url": "https://tienda.consum.es/es/p/queso-fundido-light-16-lonchas/7117302",
    "price": 1.73,
    "reference_price": 5.77,
    "iva": 0,
    "reference_unit": "1 Kg",
    "date": "2023-01-17"
  },
  {
    "id": 6281,
    "name": "Minibiscotte Normal CONSUM",
    "description": "Minibiscotte Normal 120 Gr",
    "category": "Tostadas y minibiscotes",
    "url": "https://tienda.consum.es/es/p/minibiscotte-normal/7117591",
    "price": 0.65,
    "reference_price": 5.42,
    "iva": 10,
    "reference_unit": "1 Kg",
    "date": "2023-01-17"
  },
  {
    "id": 6287,
    "name": "Gel Dental Menta Fresca 2EN1 KYREY",
    "description": "Gel Dental Menta Fresca 2EN1 100 ml",
    "category": "Dentífricos",
    "url": "https://tienda.consum.es/es/p/gel-dental-menta-fresca-2en1/7118727",
    "price": 1.05,
    "reference_price": 1.05,
    "iva": 21,
    "reference_unit": "100 ml",
    "date": "2023-01-17"
  },
  {
    "id": 6288,
    "name": "Gel Dental Blanqueador 2 en 1 KYREY",
    "description": "Gel Dental Blanqueador 2 en 1 100 ml",
    "category": "Dentífricos",
    "url": "https://tienda.consum.es/es/p/gel-dental-blanqueador-2-en-1/7118730",
    "price": 1.05,
    "reference_price": 1.05,
    "iva": 21,
    "reference_unit": "100 ml",
    "date": "2023-01-17"
  },
  {
    "id": 6291,
    "name": "Compresa Ultra Alas Tacto Algodón Normal KYREY",
    "description": "Compresa Ultra Alas Tacto Algodón Normal 14 U",
    "category": "Compresas y protegeslips",
    "url": "https://tienda.consum.es/es/p/compresa-ultra-alas-tacto-algodon-normal/7119001",
    "price": 1.41,
    "reference_price": 0.1,
    "iva": 4,
    "reference_unit": "1 U",
    "date": "2023-01-17"
  },
  {
    "id": 6294,
    "name": "Néctar Naranja Disfruta sin Azúcar Añadido Pet DON SIMON",
    "description": "Néctar Naranja Disfruta sin Azúcar Añadido Pet 1,5 L",
    "category": "Zumos y néctares sin azúcar",
    "url": "https://tienda.consum.es/es/p/nectar-naranja-disfruta-sin-azucar-anadido-pet/7119043",
    "price": 1.49,
    "reference_price": 0.99,
    "iva": 21,
    "reference_unit": "1 L",
    "date": "2023-01-17"
  },
  {
    "id": 6295,
    "name": "Néctar Piña Disfruta sin Azúcar Añadido Pet DON SIMON",
    "description": "Néctar Piña Disfruta sin Azúcar Añadido Pet 1,5 L",
    "category": "Zumos y néctares sin azúcar",
    "url": "https://tienda.consum.es/es/p/nectar-pina-disfruta-sin-azucar-anadido-pet/7119048",
    "price": 1.89,
    "reference_price": 1.26,
    "iva": 21,
    "reference_unit": "1 L",
    "date": "2023-01-17"
  },
  {
    "id": 6296,
    "name": "Néctar Mango Manzana sin Azúcar Añadido Pet DON SIMON",
    "description": "Néctar Mango Manzana sin Azúcar Añadido Pet 1,5 L",
    "category": "Zumos y néctares sin azúcar",
    "url": "https://tienda.consum.es/es/p/nectar-mango-manzana-sin-azucar-anadido-pet/7119113",
    "price": 1.49,
    "reference_price": 0.99,
    "iva": 21,
    "reference_unit": "1 L",
    "date": "2023-01-17"
  },
  {
    "id": 6297,
    "name": "Néctar Naranja Zanahoria Mango sin Azúcar Añ. Pet DON SIMON",
    "description": "Néctar Naranja Zanahoria Mango sin Azúcar Añ. Pet 1,5 L",
    "category": "Zumos y néctares sin azúcar",
    "url": "https://tienda.consum.es/es/p/nectar-naranja-zanahoria-mango-sin-azucar-an-pet/7119118",
    "price": 1.49,
    "reference_price": 0.99,
    "iva": 21,
    "reference_unit": "1 L",
    "date": "2023-01-17"
  },
  {
    "id": 6298,
    "name": "Espinacas congeladas con Pasas y Piñones FINDUS",
    "description": "Espinacas congeladas con Pasas y Piñones 400 Gr",
    "category": "Carne, verduras y otros",
    "url": "https://tienda.consum.es/es/p/espinacas-congeladas-con-pasas-y-pinones/7119154",
    "price": 3.39,
    "reference_price": 8.48,
    "iva": 10,
    "reference_unit": "1 Kg",
    "date": "2023-01-17"
  },
  {
    "id": 6301,
    "name": "Actimel Líquido 0% Natural Edulcorado DANONE",
    "description": "Actimel Líquido 0% Natural Edulcorado 12 x 100 Gr",
    "category": "L-casei",
    "url": "https://tienda.consum.es/es/p/actimel-liquido-0-natural-edulcorado/7119451",
    "price": 5.99,
    "reference_price": 4.99,
    "iva": 10,
    "reference_unit": "1 Kg",
    "date": "2023-01-17"
  },
  {
    "id": 6303,
    "name": "Agua Mineral Natural Botella AQUABONA",
    "description": "Agua Mineral Natural Botella 2,5 L",
    "category": "Agua sin gas : botella",
    "url": "https://tienda.consum.es/es/p/agua-mineral-natural-botella/7119683",
    "price": 0.89,
    "reference_price": 0.36,
    "iva": 10,
    "reference_unit": "1 L",
    "date": "2023-01-17"
  },
  {
    "id": 6305,
    "name": "Agua Mineral Natural Garrafa FONT VELLA",
    "description": "Agua Mineral Natural Garrafa 6,25 L",
    "category": "Agua sin gas : garrafa",
    "url": "https://tienda.consum.es/es/p/agua-mineral-natural-garrafa/7119709",
    "price": 2.29,
    "reference_price": 0.37,
    "iva": 10,
    "reference_unit": "1 L",
    "date": "2023-01-17"
  },
  {
    "id": 6308,
    "name": "Pizza congelada Ristorante Jamón DR.OETKER",
    "description": "Pizza congelada Ristorante Jamón 330 Gr",
    "category": "Pizza congelada",
    "url": "https://tienda.consum.es/es/p/pizza-congelada-ristorante-jamon/7119878",
    "price": 4.25,
    "reference_price": 12.88,
    "iva": 10,
    "reference_unit": "1 Kg",
    "date": "2023-01-17"
  },
  {
    "id": 6317,
    "name": "Tinto Verano Clasico sin Alcohol Botella Pet DON SIMON",
    "description": "Tinto Verano Clasico sin Alcohol Botella Pet 1,5 L",
    "category": "Sangrías y combinados base vino",
    "url": "https://tienda.consum.es/es/p/tinto-verano-clasico-sin-alcohol-botella-pet/7120397",
    "price": 1.45,
    "reference_price": 0.97,
    "iva": 21,
    "reference_unit": "1 L",
    "date": "2023-01-17"
  },
  {
    "id": 6318,
    "name": "Tinto Verano Limon Sin Alcohol Botella Pet DON SIMON",
    "description": "Tinto Verano Limon Sin Alcohol Botella Pet 1,5 L",
    "category": "Sangrías y combinados base vino",
    "url": "https://tienda.consum.es/es/p/tinto-verano-limon-sin-alcohol-botella-pet/7120400",
    "price": 1.45,
    "reference_price": 0.97,
    "iva": 21,
    "reference_unit": "1 L",
    "date": "2023-01-17"
  },
  {
    "id": 6324,
    "name": "Salsa Fresca de Setas Boletus RANA",
    "description": "Salsa Fresca de Setas Boletus 180 Gr",
    "category": "Salsas refrigeradas",
    "url": "https://tienda.consum.es/es/p/salsa-fresca-de-setas-boletus/7120843",
    "price": 2.4,
    "reference_price": 13.33,
    "iva": 10,
    "reference_unit": "1 Kg",
    "date": "2023-01-17"
  },
  {
    "id": 6325,
    "name": "Salsa Fresca de Queso Parmigiano Regiano RANA",
    "description": "Salsa Fresca de Queso Parmigiano Regiano 180 Gr",
    "category": "Salsas refrigeradas",
    "url": "https://tienda.consum.es/es/p/salsa-fresca-de-queso-parmigiano-regiano/7120848",
    "price": 2.4,
    "reference_price": 13.33,
    "iva": 10,
    "reference_unit": "1 Kg",
    "date": "2023-01-17"
  },
  {
    "id": 6326,
    "name": "Philadelphia Finas Hierbas PHILADELPHIA",
    "description": "Philadelphia Finas Hierbas 150 Gr",
    "category": "Quesos Para untar",
    "url": "https://tienda.consum.es/es/p/philadelphia-finas-hierbas/7120900",
    "price": 2.39,
    "reference_price": 15.93,
    "iva": 0,
    "reference_unit": "1 Kg",
    "date": "2023-01-17"
  },
  {
    "id": 6327,
    "name": "Recambio Cepillo Dental Eléctrico Precisión Clean ORAL B",
    "description": "Recambio Cepillo Dental Eléctrico Precisión Clean 2 U",
    "category": "Cepillos de dientes",
    "url": "https://tienda.consum.es/es/p/recambio-cepillo-dental-electrico-precision-clean/7121044",
    "price": 8.95,
    "reference_price": 4.48,
    "iva": 21,
    "reference_unit": "1 U",
    "date": "2023-01-17"
  },
  {
    "id": 6329,
    "name": "Cerveza Radler s/a 0% Lata SAN MIGUEL",
    "description": "Cerveza Radler s/a 0% Lata 0,33 L",
    "category": "0, 0 y 0, 9",
    "url": "https://tienda.consum.es/es/p/cerveza-radler-s/a-0-lata/7121952",
    "price": 0.65,
    "reference_price": 1.97,
    "iva": 21,
    "reference_unit": "1 L",
    "date": "2023-01-17"
  },
  {
    "id": 6331,
    "name": "Gnocchis de Patata CONSUM",
    "description": "Gnocchis de Patata 500 Gr",
    "category": "Pasta fresca",
    "url": "https://tienda.consum.es/es/p/gnocchis-de-patata/7122018",
    "price": 1.29,
    "reference_price": 2.58,
    "iva": 5,
    "reference_unit": "1 Kg",
    "date": "2023-01-17"
  },
  {
    "id": 6332,
    "name": "Café Cortado Cápsulas DOLCE GUSTO",
    "description": "Café Cortado Cápsulas 16 U",
    "category": "Café en cápsulas",
    "url": "https://tienda.consum.es/es/p/cafe-cortado-capsulas/7131233",
    "price": 4.89,
    "reference_price": 0.31,
    "iva": 10,
    "reference_unit": "1 U",
    "date": "2023-01-17"
  },
  {
    "id": 6333,
    "name": "Queso Emmental Lonchas JUAN LUNA",
    "description": "Queso Emmental Lonchas 200 Gr",
    "category": "Emmental y gruyere",
    "url": "https://tienda.consum.es/es/p/queso-emmental-lonchas/7131274",
    "price": 2.88,
    "reference_price": 14.4,
    "iva": 0,
    "reference_unit": "1 Kg",
    "date": "2023-01-17"
  },
  {
    "id": 6334,
    "name": "Dúo Canónigo Rúcula Bolsa FLORETTE",
    "description": "Dúo Canónigo Rúcula Bolsa 100 Gr",
    "category": "Ensaladas y brotes",
    "url": "https://tienda.consum.es/es/p/duo-canonigo-rucula-bolsa/7131290",
    "price": 1.88,
    "reference_price": 18.8,
    "iva": 0,
    "reference_unit": "1 Kg",
    "date": "2023-01-17"
  },
  {
    "id": 6335,
    "name": "Arroz Tres Delicias TA-TUNG",
    "description": "Arroz Tres Delicias 280 Gr",
    "category": "Asiático",
    "url": "https://tienda.consum.es/es/p/arroz-tres-delicias/7133671",
    "price": 2.25,
    "reference_price": 8.04,
    "iva": 10,
    "reference_unit": "1 Kg",
    "date": "2023-01-17"
  },
  {
    "id": 6342,
    "name": "Desodorante Spray Men Clean Comfort DOVE",
    "description": "Desodorante Spray Men Clean Comfort 200 ml",
    "category": "Spray",
    "url": "https://tienda.consum.es/es/p/desodorante-spray-men-clean-comfort/7134075",
    "price": 3.49,
    "reference_price": 1.75,
    "iva": 21,
    "reference_unit": "100 ml",
    "date": "2023-01-17"
  },
  {
    "id": 6345,
    "name": "Bebida Isotónica Limón Zero Botella AQUARIUS",
    "description": "Bebida Isotónica Limón Zero Botella 1,5 L",
    "category": "Isotónicas botella",
    "url": "https://tienda.consum.es/es/p/bebida-isotonica-limon-zero-botella/7134369",
    "price": 1.8,
    "reference_price": 1.2,
    "iva": 21,
    "reference_unit": "1 L",
    "date": "2023-01-17"
  },
  {
    "id": 6346,
    "name": "Bebida Isotónica Naranja Zero Botella AQUARIUS",
    "description": "Bebida Isotónica Naranja Zero Botella 1,5 L",
    "category": "Isotónicas botella",
    "url": "https://tienda.consum.es/es/p/bebida-isotonica-naranja-zero-botella/7134372",
    "price": 1.8,
    "reference_price": 1.2,
    "iva": 21,
    "reference_unit": "1 L",
    "date": "2023-01-17"
  },
  {
    "id": 6347,
    "name": "Ginebra SEAGRAM´S",
    "description": "Ginebra 0,7 L",
    "category": "Licores y vermouth",
    "url": "https://tienda.consum.es/es/p/ginebra/7134443",
    "price": 16.5,
    "reference_price": 23.57,
    "iva": 21,
    "reference_unit": "1 L",
    "date": "2023-01-17"
  },
  {
    "id": 6348,
    "name": "Arroz Bomba LA FALLERA",
    "description": "Arroz Bomba 1 Kg",
    "category": "Arroz",
    "url": "https://tienda.consum.es/es/p/arroz-bomba/7134497",
    "price": 5.63,
    "reference_price": 5.63,
    "iva": 0,
    "reference_unit": "1 Kg",
    "date": "2023-01-17"
  },
  {
    "id": 6352,
    "name": "Arroz Redondo Vaso Pack de 2 BRILLANTE",
    "description": "Arroz Redondo Vaso Pack de 2 2 x 125 Gr",
    "category": "Arroz",
    "url": "https://tienda.consum.es/es/p/arroz-redondo-vaso-pack-de-2/7135101",
    "price": 1.25,
    "reference_price": 5,
    "iva": 10,
    "reference_unit": "1 Kg",
    "date": "2023-01-17"
  },
  {
    "id": 6353,
    "name": "Arroz Integral Vaso Pack de 2 BRILLANTE",
    "description": "Arroz Integral Vaso Pack de 2 2 x 125 Gr",
    "category": "Arroz",
    "url": "https://tienda.consum.es/es/p/arroz-integral-vaso-pack-de-2/7135106",
    "price": 1.25,
    "reference_price": 5,
    "iva": 10,
    "reference_unit": "1 Kg",
    "date": "2023-01-17"
  },
  {
    "id": 6354,
    "name": "Vino Blanco Verdejo D.O.Rueda DEHES.VIEJAS",
    "description": "Vino Blanco Verdejo D.O.Rueda 0,75 L",
    "category": "Vinos d.o",
    "url": "https://tienda.consum.es/es/p/vino-blanco-verdejo-dorueda/7135176",
    "price": 3.69,
    "reference_price": 4.92,
    "iva": 21,
    "reference_unit": "1 L",
    "date": "2023-01-17"
  },
  {
    "id": 6355,
    "name": "Bebida de Soja Ligera VIVESOY",
    "description": "Bebida de Soja Ligera 1 L",
    "category": "Bebidas vegetales",
    "url": "https://tienda.consum.es/es/p/bebida-de-soja-ligera/7139660",
    "price": 1.79,
    "reference_price": 1.79,
    "iva": 10,
    "reference_unit": "1 L",
    "date": "2023-01-17"
  },
  {
    "id": 6357,
    "name": "Limpiahogar Antical Spray KH-7",
    "description": "Limpiahogar Antical Spray 0,75 L",
    "category": "Antical",
    "url": "https://tienda.consum.es/es/p/limpiahogar-antical-spray/7139988",
    "price": 3.35,
    "reference_price": 4.47,
    "iva": 21,
    "reference_unit": "1 L",
    "date": "2023-01-17"
  },
  {
    "id": 6358,
    "name": "Letras Paquete CONSUM",
    "description": "Letras Paquete 500 Gr",
    "category": "Otras pastas secas",
    "url": "https://tienda.consum.es/es/p/letras-paquete/7140002",
    "price": 0.76,
    "reference_price": 1.52,
    "iva": 5,
    "reference_unit": "1 Kg",
    "date": "2023-01-17"
  },
  {
    "id": 6360,
    "name": "Fregona Sintética Tira Amarilla CONSUM",
    "description": "Fregona Sintética Tira Amarilla 1 U",
    "category": "Fregonas",
    "url": "https://tienda.consum.es/es/p/fregona-sintetica-tira-amarilla/7140759",
    "price": 0.8,
    "reference_price": 0.8,
    "iva": 21,
    "reference_unit": "1 U",
    "date": "2023-01-17"
  },
  {
    "id": 6361,
    "name": "Fregona Sintética Algodón Crudo CONSUM",
    "description": "Fregona Sintética Algodón Crudo 1 U",
    "category": "Fregonas",
    "url": "https://tienda.consum.es/es/p/fregona-sintetica-algodon-crudo/7140762",
    "price": 1.1,
    "reference_price": 1.1,
    "iva": 21,
    "reference_unit": "1 U",
    "date": "2023-01-17"
  },
  {
    "id": 6362,
    "name": "Crema de Cacao 1 Sabor. Bote CONSUM",
    "description": "Crema de Cacao 1 Sabor. Bote 500 Gr",
    "category": "Cremas de desayuno",
    "url": "https://tienda.consum.es/es/p/crema-de-cacao-1-sabor-bote/7140767",
    "price": 1.95,
    "reference_price": 3.9,
    "iva": 10,
    "reference_unit": "1 Kg",
    "date": "2023-01-17"
  },
  {
    "id": 6363,
    "name": "Crema Calabacín con Quesito KNORR",
    "description": "Crema Calabacín con Quesito 0,5 L",
    "category": "Cremas",
    "url": "https://tienda.consum.es/es/p/crema-calabacin-con-quesito/7140783",
    "price": 2.29,
    "reference_price": 4.58,
    "iva": 10,
    "reference_unit": "1 L",
    "date": "2023-01-17"
  },
  {
    "id": 4809,
    "name": "Queso Fundido Light 16 Porciones VACA QUE RIE",
    "description": "Queso Fundido Light 16 Porciones 250 Gr",
    "category": "Quesos Fundidos",
    "url": "https://tienda.consum.es/es/p/queso-fundido-light-16-porciones/238311",
    "price": 2.78,
    "reference_price": 11.12,
    "iva": 0,
    "reference_unit": "1 Kg",
    "date": "2023-01-17"
  },
  {
    "id": 4810,
    "name": "Bitter sin Alcohol Lata KAS",
    "description": "Bitter sin Alcohol Lata 0,33 L",
    "category": "Bitter y ginger ale",
    "url": "https://tienda.consum.es/es/p/bitter-sin-alcohol-lata/239087",
    "price": 0.95,
    "reference_price": 2.88,
    "iva": 21,
    "reference_unit": "1 L",
    "date": "2023-01-17"
  },
  {
    "id": 4813,
    "name": "Bebida Isotónica Naranja Lata AQUARIUS",
    "description": "Bebida Isotónica Naranja Lata 0,33 L",
    "category": "Isotónicas lata",
    "url": "https://tienda.consum.es/es/p/bebida-isotonica-naranja-lata/245415",
    "price": 0.73,
    "reference_price": 2.21,
    "iva": 21,
    "reference_unit": "1 L",
    "date": "2023-01-17"
  },
  {
    "id": 4815,
    "name": "Sopa Deshidratada de Cebolla Sobre KNORR",
    "description": "Sopa Deshidratada de Cebolla Sobre 50 Gr",
    "category": "Preparados en sobre",
    "url": "https://tienda.consum.es/es/p/sopa-deshidratada-de-cebolla-sobre/249730",
    "price": 0.85,
    "reference_price": 17,
    "iva": 10,
    "reference_unit": "1 Kg",
    "date": "2023-01-17"
  },
  {
    "id": 4816,
    "name": "Chicles Hierbabuena Pack de 4 ORBIT",
    "description": "Chicles Hierbabuena Pack de 4 4 x 14 Gr",
    "category": "Chicles, caramelos y gominolas",
    "url": "https://tienda.consum.es/es/p/chicles-hierbabuena-pack-de-4/251538",
    "price": 2.39,
    "reference_price": 42.68,
    "iva": 10,
    "reference_unit": "1 Kg",
    "date": "2023-01-17"
  },
  {
    "id": 4817,
    "name": "Tinte Nº5.6 Caoba LLONGUERAS",
    "description": "Tinte Nº5.6 Caoba 1 U",
    "category": "Coloración",
    "url": "https://tienda.consum.es/es/p/tinte-n56-caoba/251694",
    "price": 6.59,
    "reference_price": 6.59,
    "iva": 21,
    "reference_unit": "1 U",
    "date": "2023-01-17"
  },
  {
    "id": 4819,
    "name": "Cerveza Lata SAN MIGUEL",
    "description": "Cerveza Lata 0,5 L",
    "category": "Nacional lata",
    "url": "https://tienda.consum.es/es/p/cerveza-lata/256461",
    "price": 0.95,
    "reference_price": 1.9,
    "iva": 21,
    "reference_unit": "1 L",
    "date": "2023-01-17"
  },
  {
    "id": 4826,
    "name": "Chocolate a la Taza Brik RAM",
    "description": "Chocolate a la Taza Brik 1 L",
    "category": "Cremas de desayuno",
    "url": "https://tienda.consum.es/es/p/chocolate-a-la-taza-brik/289462",
    "price": 2.59,
    "reference_price": 2.59,
    "iva": 10,
    "reference_unit": "1 L",
    "date": "2023-01-17"
  },
  {
    "id": 4827,
    "name": "Leche Calcio Desnatada Brik PULEVA",
    "description": "Leche Calcio Desnatada Brik 1 L",
    "category": "Leche con calcio",
    "url": "https://tienda.consum.es/es/p/leche-calcio-desnatada-brik/289512",
    "price": 1.43,
    "reference_price": 1.43,
    "iva": 0,
    "reference_unit": "1 L",
    "date": "2023-01-17"
  },
  {
    "id": 4828,
    "name": "Salchichas Wieners Queso OSCAR MAYER",
    "description": "Salchichas Wieners Queso 200 Gr",
    "category": "Salchichas",
    "url": "https://tienda.consum.es/es/p/salchichas-wieners-queso/294181",
    "price": 1.35,
    "reference_price": 6.75,
    "iva": 10,
    "reference_unit": "1 Kg",
    "date": "2023-01-17"
  },
  {
    "id": 4829,
    "name": "Vitalínea 0%0% Sabor Fresa DANONE",
    "description": "Vitalínea 0%0% Sabor Fresa 4 x 120 Gr",
    "category": "Yogur sabores desnatado",
    "url": "https://tienda.consum.es/es/p/vitalinea-00-sabor-fresa/294439",
    "price": 1.89,
    "reference_price": 3.94,
    "iva": 10,
    "reference_unit": "1 Kg",
    "date": "2023-01-17"
  },
  {
    "id": 4831,
    "name": "Vino Blanco Aguja B. PESCADOR",
    "description": "Vino Blanco Aguja 0,75 L",
    "category": "Vinos de aguja",
    "url": "https://tienda.consum.es/es/p/vino-blanco-aguja/300525",
    "price": 4.25,
    "reference_price": 5.67,
    "iva": 21,
    "reference_unit": "1 L",
    "date": "2023-01-17"
  },
  {
    "id": 4832,
    "name": "Puré de Patatas Paquete MAGGI",
    "description": "Puré de Patatas Paquete 230 Gr",
    "category": "Purés",
    "url": "https://tienda.consum.es/es/p/pure-de-patatas-paquete/300673",
    "price": 2.05,
    "reference_price": 8.91,
    "iva": 10,
    "reference_unit": "1 Kg",
    "date": "2023-01-17"
  },
  {
    "id": 4833,
    "name": "Vino Tinto de Mesa Brik DON SIMON",
    "description": "Vino Tinto de Mesa Brik 1 L",
    "category": "Mesa",
    "url": "https://tienda.consum.es/es/p/vino-tinto-de-mesa-brik/300798",
    "price": 1.6,
    "reference_price": 1.6,
    "iva": 21,
    "reference_unit": "1 L",
    "date": "2023-01-17"
  },
  {
    "id": 4836,
    "name": "Café Molido Descafeinado BONKA",
    "description": "Café Molido Descafeinado 250 Gr",
    "category": "Café Molido descafeinado",
    "url": "https://tienda.consum.es/es/p/cafe-molido-descafeinado/300939",
    "price": 2.99,
    "reference_price": 11.96,
    "iva": 10,
    "reference_unit": "1 Kg",
    "date": "2023-01-17"
  },
  {
    "id": 4837,
    "name": "Salsa Pimienta Verde Sobre G.BLANCA",
    "description": "Salsa Pimienta Verde Sobre 50 Gr",
    "category": "Otras salsas",
    "url": "https://tienda.consum.es/es/p/salsa-pimienta-verde-sobre/301614",
    "price": 1.59,
    "reference_price": 31.8,
    "iva": 10,
    "reference_unit": "1 Kg",
    "date": "2023-01-17"
  },
  {
    "id": 4838,
    "name": "Arroz Redondo LA FALLERA",
    "description": "Arroz Redondo 1 Kg",
    "category": "Arroz",
    "url": "https://tienda.consum.es/es/p/arroz-redondo/302489",
    "price": 1.63,
    "reference_price": 1.63,
    "iva": 0,
    "reference_unit": "1 Kg",
    "date": "2023-01-17"
  },
  {
    "id": 4839,
    "name": "Refresco Cola Botella COCA-COLA",
    "description": "Refresco Cola Botella 2 L",
    "category": "Cola",
    "url": "https://tienda.consum.es/es/p/refresco-cola-botella/302745",
    "price": 2.1,
    "reference_price": 1.05,
    "iva": 21,
    "reference_unit": "1 L",
    "date": "2023-01-17"
  },
  {
    "id": 4840,
    "name": "Refresco Naranja Lata FANTA",
    "description": "Refresco Naranja Lata 0,33 L",
    "category": "Naranja",
    "url": "https://tienda.consum.es/es/p/refresco-naranja-lata/302778",
    "price": 0.7,
    "reference_price": 2.12,
    "iva": 21,
    "reference_unit": "1 L",
    "date": "2023-01-17"
  },
  {
    "id": 4841,
    "name": "Refresco Naranja Botella FANTA",
    "description": "Refresco Naranja Botella 2 L",
    "category": "Naranja",
    "url": "https://tienda.consum.es/es/p/refresco-naranja-botella/302786",
    "price": 1.75,
    "reference_price": 0.88,
    "iva": 21,
    "reference_unit": "1 L",
    "date": "2023-01-17"
  },
  {
    "id": 4843,
    "name": "Refresco Limón Lata FANTA",
    "description": "Refresco Limón Lata 0,33 L",
    "category": "Limón y lima-limón",
    "url": "https://tienda.consum.es/es/p/refresco-limon-lata/302885",
    "price": 0.7,
    "reference_price": 2.12,
    "iva": 21,
    "reference_unit": "1 L",
    "date": "2023-01-17"
  },
  {
    "id": 4844,
    "name": "Refresco Cola Light Lata COCA-COLA",
    "description": "Refresco Cola Light Lata 0,33 L",
    "category": "Cola",
    "url": "https://tienda.consum.es/es/p/refresco-cola-light-lata/303362",
    "price": 0.9,
    "reference_price": 2.73,
    "iva": 21,
    "reference_unit": "1 L",
    "date": "2023-01-17"
  },
  {
    "id": 4845,
    "name": "Leche Calcio Entera Brik PULEVA",
    "description": "Leche Calcio Entera Brik 1 L",
    "category": "Leche con calcio",
    "url": "https://tienda.consum.es/es/p/leche-calcio-entera-brik/303370",
    "price": 1.43,
    "reference_price": 1.43,
    "iva": 0,
    "reference_unit": "1 L",
    "date": "2023-01-17"
  },
  {
    "id": 4846,
    "name": "Refresco Cola Lata PEPSI-COLA",
    "description": "Refresco Cola Lata 0,33 L",
    "category": "Cola",
    "url": "https://tienda.consum.es/es/p/refresco-cola-lata/303453",
    "price": 0.64,
    "reference_price": 1.94,
    "iva": 21,
    "reference_unit": "1 L",
    "date": "2023-01-17"
  },
  {
    "id": 4847,
    "name": "Tónica Lata SCHWEPPES",
    "description": "Tónica Lata 0,33 L",
    "category": "Tónica",
    "url": "https://tienda.consum.es/es/p/tonica-lata/303628",
    "price": 0.89,
    "reference_price": 2.7,
    "iva": 21,
    "reference_unit": "1 L",
    "date": "2023-01-17"
  },
  {
    "id": 4850,
    "name": "Bocabits Bolsa MATUTANO",
    "description": "Bocabits Bolsa 84 Gr",
    "category": "Snacks y otros aperitivos",
    "url": "https://tienda.consum.es/es/p/bocabits-bolsa/305417",
    "price": 1.79,
    "reference_price": 21.31,
    "iva": 10,
    "reference_unit": "1 Kg",
    "date": "2023-01-17"
  },
  {
    "id": 4851,
    "name": "Pan Molde Sandwich BIMBO",
    "description": "Pan Molde Sandwich 700 Gr",
    "category": "Pan de molde",
    "url": "https://tienda.consum.es/es/p/pan-molde-sandwich/305425",
    "price": 2.29,
    "reference_price": 3.27,
    "iva": 10,
    "reference_unit": "1 Kg",
    "date": "2023-01-17"
  },
  {
    "id": 4852,
    "name": "Cuarto Trasero de Pollo CONSUM",
    "description": "Cuarto Trasero de Pollo",
    "category": "Aves y conejo",
    "url": "https://tienda.consum.es/es/p/cuarto-trasero-de-pollo/305474",
    "price": 2.54,
    "reference_price": 3.6,
    "iva": 10,
    "reference_unit": "1 Kg",
    "date": "2023-01-17"
  },
  {
    "id": 4853,
    "name": "Café Molido Natural BONKA",
    "description": "Café Molido Natural 250 Gr",
    "category": "Café Molido natural",
    "url": "https://tienda.consum.es/es/p/cafe-molido-natural/305870",
    "price": 2.45,
    "reference_price": 9.8,
    "iva": 10,
    "reference_unit": "1 Kg",
    "date": "2023-01-17"
  },
  {
    "id": 4854,
    "name": "Cerveza Danesa Lata CARLSBERG",
    "description": "Cerveza Danesa Lata 0,33 L",
    "category": "Importación lata",
    "url": "https://tienda.consum.es/es/p/cerveza-danesa-lata/308619",
    "price": 0.89,
    "reference_price": 2.7,
    "iva": 21,
    "reference_unit": "1 L",
    "date": "2023-01-17"
  },
  {
    "id": 4855,
    "name": "Refresco Lima Limón Lata SEVEN UP",
    "description": "Refresco Lima Limón Lata 0,33 L",
    "category": "Limón y lima-limón",
    "url": "https://tienda.consum.es/es/p/refresco-lima-limon-lata/308726",
    "price": 0.5,
    "reference_price": 1.52,
    "iva": 21,
    "reference_unit": "1 L",
    "date": "2023-01-17"
  },
  {
    "id": 4856,
    "name": "Poleo Menta 25 Bolsitas POMPADOUR",
    "description": "Poleo Menta 25 Bolsitas 25 U",
    "category": "Otras infusiones",
    "url": "https://tienda.consum.es/es/p/poleo-menta-25-bolsitas/310664",
    "price": 2.25,
    "reference_price": 0.09,
    "iva": 10,
    "reference_unit": "1 U",
    "date": "2023-01-17"
  },
  {
    "id": 4857,
    "name": "Manzanilla con Anis 25 Bolsitas POMPADOUR",
    "description": "Manzanilla con Anis 25 Bolsitas 25 U",
    "category": "Otras infusiones",
    "url": "https://tienda.consum.es/es/p/manzanilla-con-anis-25-bolsitas/310672",
    "price": 2.25,
    "reference_price": 0.09,
    "iva": 10,
    "reference_unit": "1 U",
    "date": "2023-01-17"
  },
  {
    "id": 4858,
    "name": "Vino Tinto Reserva D.O.Valdepeñas VIÑA ALBALI",
    "description": "Vino Tinto Reserva D.O.Valdepeñas 0,75 L",
    "category": "Vinos d.o",
    "url": "https://tienda.consum.es/es/p/vino-tinto-reserva-dovaldepenas/311167",
    "price": 3.95,
    "reference_price": 5.27,
    "iva": 21,
    "reference_unit": "1 L",
    "date": "2023-01-17"
  },
  {
    "id": 4859,
    "name": "Agua Mineral Natural. Botella FONT VELLA",
    "description": "Agua Mineral Natural. Botella 1,5 L",
    "category": "Agua sin gas : botella",
    "url": "https://tienda.consum.es/es/p/agua-mineral-natural-botella/311530",
    "price": 0.73,
    "reference_price": 0.49,
    "iva": 10,
    "reference_unit": "1 L",
    "date": "2023-01-17"
  },
  {
    "id": 4860,
    "name": "Cerveza Lata MAHOU CLASIC",
    "description": "Cerveza Lata 0,33 L",
    "category": "Nacional lata",
    "url": "https://tienda.consum.es/es/p/cerveza-lata/311712",
    "price": 0.7,
    "reference_price": 2.12,
    "iva": 21,
    "reference_unit": "1 L",
    "date": "2023-01-17"
  },
  {
    "id": 4861,
    "name": "Cerveza Botella Cristal pack-6 MAHOU 5 ESTR",
    "description": "Cerveza Botella Cristal pack-6 6 x 0,25 L",
    "category": "Nacional botella",
    "url": "https://tienda.consum.es/es/p/cerveza-botella-cristal-pack-6/311720",
    "price": 4.15,
    "reference_price": 2.77,
    "iva": 21,
    "reference_unit": "1 L",
    "date": "2023-01-17"
  },
  {
    "id": 4862,
    "name": "Refresco Cola Sin Cafeina Lata COCA-COLA",
    "description": "Refresco Cola Sin Cafeina Lata 0,33 L",
    "category": "Cola",
    "url": "https://tienda.consum.es/es/p/refresco-cola-sin-cafeina-lata/311837",
    "price": 0.85,
    "reference_price": 2.58,
    "iva": 21,
    "reference_unit": "1 L",
    "date": "2023-01-17"
  },
  {
    "id": 4863,
    "name": "Refresco Cola sin Cafeína Botella COCA-COLA",
    "description": "Refresco Cola sin Cafeína Botella 2 L",
    "category": "Cola",
    "url": "https://tienda.consum.es/es/p/refresco-cola-sin-cafeina-botella/311845",
    "price": 2.1,
    "reference_price": 1.05,
    "iva": 21,
    "reference_unit": "1 L",
    "date": "2023-01-17"
  },
  {
    "id": 4864,
    "name": "Refresco Limón Botella FANTA",
    "description": "Refresco Limón Botella 2 L",
    "category": "Limón y lima-limón",
    "url": "https://tienda.consum.es/es/p/refresco-limon-botella/311969",
    "price": 1.75,
    "reference_price": 0.88,
    "iva": 21,
    "reference_unit": "1 L",
    "date": "2023-01-17"
  },
  {
    "id": 4865,
    "name": "Ginebra BEEFEATER",
    "description": "Ginebra 0,7 L",
    "category": "Licores y vermouth",
    "url": "https://tienda.consum.es/es/p/ginebra/313577",
    "price": 13,
    "reference_price": 18.57,
    "iva": 21,
    "reference_unit": "1 L",
    "date": "2023-01-17"
  },
  {
    "id": 4866,
    "name": "Centenario TERRY",
    "description": "Centenario 1 L",
    "category": "Licores y vermouth",
    "url": "https://tienda.consum.es/es/p/centenario/315408",
    "price": 8.65,
    "reference_price": 8.65,
    "iva": 21,
    "reference_unit": "1 L",
    "date": "2023-01-17"
  },
  {
    "id": 4867,
    "name": "Aperitivo de Maíz Pelotazos Sabor Queso CHEETOS",
    "description": "Aperitivo de Maíz Pelotazos Sabor Queso 130 Gr",
    "category": "Snacks y otros aperitivos",
    "url": "https://tienda.consum.es/es/p/aperitivo-de-maiz-pelotazos-sabor-queso/315499",
    "price": 1.79,
    "reference_price": 13.77,
    "iva": 10,
    "reference_unit": "1 Kg",
    "date": "2023-01-17"
  },
  {
    "id": 4868,
    "name": "Whisky Scotch WIL.LAWSONS",
    "description": "Whisky Scotch 0,7 L",
    "category": "Licores y vermouth",
    "url": "https://tienda.consum.es/es/p/whisky-scotch/315622",
    "price": 9.49,
    "reference_price": 13.56,
    "iva": 21,
    "reference_unit": "1 L",
    "date": "2023-01-17"
  },
  {
    "id": 4869,
    "name": "Ron NEGRITA",
    "description": "Ron 0,7 L",
    "category": "Licores y vermouth",
    "url": "https://tienda.consum.es/es/p/ron/315754",
    "price": 8.4,
    "reference_price": 12,
    "iva": 21,
    "reference_unit": "1 L",
    "date": "2023-01-17"
  },
  {
    "id": 4870,
    "name": "Chocolate con Leche Extrafino LINDT",
    "description": "Chocolate con Leche Extrafino 125 Gr",
    "category": "Tabletas",
    "url": "https://tienda.consum.es/es/p/chocolate-con-leche-extrafino/315861",
    "price": 1.49,
    "reference_price": 11.92,
    "iva": 10,
    "reference_unit": "1 Kg",
    "date": "2023-01-17"
  },
  {
    "id": 4872,
    "name": "Refresco Cola Light Lata PEPSI-COLA",
    "description": "Refresco Cola Light Lata 0,33 L",
    "category": "Cola",
    "url": "https://tienda.consum.es/es/p/refresco-cola-light-lata/317008",
    "price": 0.64,
    "reference_price": 1.94,
    "iva": 21,
    "reference_unit": "1 L",
    "date": "2023-01-17"
  },
  {
    "id": 4874,
    "name": "Refresco Te Lata NESTEA",
    "description": "Refresco Te Lata 0,33 L",
    "category": "Té",
    "url": "https://tienda.consum.es/es/p/refresco-te-lata/317800",
    "price": 0.79,
    "reference_price": 2.39,
    "iva": 21,
    "reference_unit": "1 L",
    "date": "2023-01-17"
  },
  {
    "id": 4875,
    "name": "Vino Tinto Crianza D.O.Rioja CUNE",
    "description": "Vino Tinto Crianza D.O.Rioja 0,75 L",
    "category": "Vinos d.o",
    "url": "https://tienda.consum.es/es/p/vino-tinto-crianza-dorioja/318303",
    "price": 6.95,
    "reference_price": 9.27,
    "iva": 21,
    "reference_unit": "1 L",
    "date": "2023-01-17"
  },
  {
    "id": 4876,
    "name": "Vino Tinto Joven D.O.Valdepeñas LOS MOLINOS",
    "description": "Vino Tinto Joven D.O.Valdepeñas 0,75 L",
    "category": "Vinos d.o",
    "url": "https://tienda.consum.es/es/p/vino-tinto-joven-dovaldepenas/318808",
    "price": 2.39,
    "reference_price": 3.19,
    "iva": 21,
    "reference_unit": "1 L",
    "date": "2023-01-17"
  },
  {
    "id": 4877,
    "name": "Galletas Creme Tropical GULLON",
    "description": "Galletas Creme Tropical 800 Gr",
    "category": "Desayuno y maría",
    "url": "https://tienda.consum.es/es/p/galletas-creme-tropical/318840",
    "price": 3.45,
    "reference_price": 4.31,
    "iva": 10,
    "reference_unit": "1 Kg",
    "date": "2023-01-17"
  },
  {
    "id": 4880,
    "name": "Cerveza Holandesa Lata HEINEKEN",
    "description": "Cerveza Holandesa Lata 0,33 L",
    "category": "Importación lata",
    "url": "https://tienda.consum.es/es/p/cerveza-holandesa-lata/319400",
    "price": 0.82,
    "reference_price": 2.48,
    "iva": 21,
    "reference_unit": "1 L",
    "date": "2023-01-17"
  },
  {
    "id": 4881,
    "name": "Bebida Isotónica Limón Lata AQUARIUS",
    "description": "Bebida Isotónica Limón Lata 0,33 L",
    "category": "Isotónicas lata",
    "url": "https://tienda.consum.es/es/p/bebida-isotonica-limon-lata/319640",
    "price": 0.73,
    "reference_price": 2.21,
    "iva": 21,
    "reference_unit": "1 L",
    "date": "2023-01-17"
  },
  {
    "id": 4883,
    "name": "Vino Blanco de Mesa Brik DON SIMON",
    "description": "Vino Blanco de Mesa Brik 1 L",
    "category": "Mesa",
    "url": "https://tienda.consum.es/es/p/vino-blanco-de-mesa-brik/320754",
    "price": 1.6,
    "reference_price": 1.6,
    "iva": 21,
    "reference_unit": "1 L",
    "date": "2023-01-17"
  },
  {
    "id": 4888,
    "name": "Vino Rosado Aguja V.T.Castilla y León PEÑASCAL",
    "description": "Vino Rosado Aguja V.T.Castilla y León 0,75 L",
    "category": "Vinos de aguja",
    "url": "https://tienda.consum.es/es/p/vino-rosado-aguja-vtcastilla-y-leon/324848",
    "price": 3.25,
    "reference_price": 4.33,
    "iva": 21,
    "reference_unit": "1 L",
    "date": "2023-01-17"
  },
  {
    "id": 4890,
    "name": "Laca NELLY",
    "description": "Laca 125 ml",
    "category": "Lacas",
    "url": "https://tienda.consum.es/es/p/laca/327247",
    "price": 2.1,
    "reference_price": 1.68,
    "iva": 21,
    "reference_unit": "100 ml",
    "date": "2023-01-17"
  },
  {
    "id": 4891,
    "name": "Penne Rigate Caja BARILLA",
    "description": "Penne Rigate Caja 500 Gr",
    "category": "Macarrones, espaguetis y tallarines",
    "url": "https://tienda.consum.es/es/p/penne-rigate-caja/328203",
    "price": 1.86,
    "reference_price": 3.72,
    "iva": 5,
    "reference_unit": "1 Kg",
    "date": "2023-01-17"
  },
  {
    "id": 4892,
    "name": "Vino Tinto Reserva D.O.Utiel-Requena V.ENTERIZO",
    "description": "Vino Tinto Reserva D.O.Utiel-Requena 0,75 L",
    "category": "Vinos d.o",
    "url": "https://tienda.consum.es/es/p/vino-tinto-reserva-doutiel-requena/328567",
    "price": 4.55,
    "reference_price": 6.07,
    "iva": 21,
    "reference_unit": "1 L",
    "date": "2023-01-17"
  },
  {
    "id": 4893,
    "name": "Tila 25 Bolsitas POMPADOUR",
    "description": "Tila 25 Bolsitas 25 U",
    "category": "Otras infusiones",
    "url": "https://tienda.consum.es/es/p/tila-25-bolsitas/329276",
    "price": 2.25,
    "reference_price": 0.09,
    "iva": 10,
    "reference_unit": "1 U",
    "date": "2023-01-17"
  },
  {
    "id": 4896,
    "name": "Raviolis en Salsa Bote HERO",
    "description": "Raviolis en Salsa Bote 420 Gr",
    "category": "Conservas",
    "url": "https://tienda.consum.es/es/p/raviolis-en-salsa-bote/330555",
    "price": 2.99,
    "reference_price": 7.12,
    "iva": 10,
    "reference_unit": "1 Kg",
    "date": "2023-01-17"
  },
  {
    "id": 4897,
    "name": "Spaghetti Caja BARILLA",
    "description": "Spaghetti Caja 500 Gr",
    "category": "Macarrones, espaguetis y tallarines",
    "url": "https://tienda.consum.es/es/p/spaghetti-caja/330829",
    "price": 1.86,
    "reference_price": 3.72,
    "iva": 5,
    "reference_unit": "1 Kg",
    "date": "2023-01-17"
  },
  {
    "id": 4898,
    "name": "Limón ",
    "description": "Limón",
    "category": "Cítricos",
    "url": "https://tienda.consum.es/es/p/limon/332130",
    "price": 0.53,
    "reference_price": 2.2,
    "iva": 0,
    "reference_unit": "1 Kg",
    "date": "2023-01-17"
  },
  {
    "id": 4899,
    "name": "Tortellinis con Carne Paquete KNORR",
    "description": "Tortellinis con Carne Paquete 250 Gr",
    "category": "Otras pastas secas",
    "url": "https://tienda.consum.es/es/p/tortellinis-con-carne-paquete/332338",
    "price": 2.38,
    "reference_price": 9.52,
    "iva": 5,
    "reference_unit": "1 Kg",
    "date": "2023-01-17"
  },
  {
    "id": 4900,
    "name": "Mayonesa Tarro más 25 ml HELLMANN'S",
    "description": "Mayonesa Tarro más 25 ml 475 ml",
    "category": "Mayonesa",
    "url": "https://tienda.consum.es/es/p/mayonesa-tarro-mas-25-ml/332643",
    "price": 2.95,
    "reference_price": 6.21,
    "iva": 10,
    "reference_unit": "1 L",
    "date": "2023-01-17"
  },
  {
    "id": 4902,
    "name": "Cerveza Extra Lata VOLL DAMM",
    "description": "Cerveza Extra Lata 0,33 L",
    "category": "Especialidades",
    "url": "https://tienda.consum.es/es/p/cerveza-extra-lata/336073",
    "price": 0.94,
    "reference_price": 2.85,
    "iva": 21,
    "reference_unit": "1 L",
    "date": "2023-01-17"
  },
  {
    "id": 4903,
    "name": "Cocido Madrileño Bote LITORAL",
    "description": "Cocido Madrileño Bote 440 Gr",
    "category": "Conservas",
    "url": "https://tienda.consum.es/es/p/cocido-madrileno-bote/336180",
    "price": 2.25,
    "reference_price": 5.29,
    "iva": 10,
    "reference_unit": "1 Kg",
    "date": "2023-01-17"
  },
  {
    "id": 4904,
    "name": "Galletas Dorada Marbu ARTIACH",
    "description": "Galletas Dorada Marbu 800 Gr",
    "category": "Desayuno y maría",
    "url": "https://tienda.consum.es/es/p/galletas-dorada-marbu/337279",
    "price": 4.49,
    "reference_price": 5.61,
    "iva": 10,
    "reference_unit": "1 Kg",
    "date": "2023-01-17"
  },
  {
    "id": 4905,
    "name": "Salvado All Bran KELLOGG'S",
    "description": "Salvado All Bran 375 Gr",
    "category": "Cereales",
    "url": "https://tienda.consum.es/es/p/salvado-all-bran/337493",
    "price": 2.99,
    "reference_price": 7.97,
    "iva": 10,
    "reference_unit": "1 Kg",
    "date": "2023-01-17"
  },
  {
    "id": 4906,
    "name": "Sopinstant Verdura Caja G.BLANCA",
    "description": "Sopinstant Verdura Caja 48 Gr",
    "category": "Preparados en sobre",
    "url": "https://tienda.consum.es/es/p/sopinstant-verdura-caja/337956",
    "price": 1.1,
    "reference_price": 2.29,
    "iva": 10,
    "reference_unit": "100 Gr",
    "date": "2023-01-17"
  },
  {
    "id": 4907,
    "name": "Café Molido Mezcla 70/30 BONKA",
    "description": "Café Molido Mezcla 70/30 250 Gr",
    "category": "Café Molido mezcla",
    "url": "https://tienda.consum.es/es/p/cafe-molido-mezcla-70/30/338319",
    "price": 2.45,
    "reference_price": 9.8,
    "iva": 10,
    "reference_unit": "1 Kg",
    "date": "2023-01-17"
  },
  {
    "id": 4909,
    "name": "Caldo de Carne Deshidratado 16 Pastillas KNORR",
    "description": "Caldo de Carne Deshidratado 16 Pastillas 160 Gr",
    "category": "Concentrado y pastillas",
    "url": "https://tienda.consum.es/es/p/caldo-de-carne-deshidratado-16-pastillas/339747",
    "price": 1.65,
    "reference_price": 10.31,
    "iva": 10,
    "reference_unit": "1 Kg",
    "date": "2023-01-17"
  },
  {
    "id": 4910,
    "name": "Refresco Cola Max Lata PEPSI-COLA",
    "description": "Refresco Cola Max Lata 0,33 L",
    "category": "Cola",
    "url": "https://tienda.consum.es/es/p/refresco-cola-max-lata/340315",
    "price": 0.64,
    "reference_price": 1.94,
    "iva": 21,
    "reference_unit": "1 L",
    "date": "2023-01-17"
  },
  {
    "id": 4912,
    "name": "Sardinas Picantonas Lata ALBO",
    "description": "Sardinas Picantonas Lata 85 Gr",
    "category": "Sardinas",
    "url": "https://tienda.consum.es/es/p/sardinas-picantonas-lata/340653",
    "price": 2.15,
    "reference_price": 25.29,
    "iva": 10,
    "reference_unit": "1 Kg",
    "date": "2023-01-17"
  },
  {
    "id": 4913,
    "name": "Chocolate Puro VALOR",
    "description": "Chocolate Puro 300 Gr",
    "category": "Tabletas",
    "url": "https://tienda.consum.es/es/p/chocolate-puro/344358",
    "price": 2.8,
    "reference_price": 9.33,
    "iva": 10,
    "reference_unit": "1 Kg",
    "date": "2023-01-17"
  },
  {
    "id": 4914,
    "name": "Chocolate Puro con Almendras VALOR",
    "description": "Chocolate Puro con Almendras 250 Gr",
    "category": "Tabletas",
    "url": "https://tienda.consum.es/es/p/chocolate-puro-con-almendras/344366",
    "price": 3.15,
    "reference_price": 12.6,
    "iva": 10,
    "reference_unit": "1 Kg",
    "date": "2023-01-17"
  },
  {
    "id": 4915,
    "name": "Bombones Caja Roja NESTLE",
    "description": "Bombones Caja Roja 400 Gr",
    "category": "Chocolatinas y bombones",
    "url": "https://tienda.consum.es/es/p/bombones-caja-roja/344630",
    "price": 9.49,
    "reference_price": 23.73,
    "iva": 10,
    "reference_unit": "1 Kg",
    "date": "2023-01-17"
  },
  {
    "id": 4916,
    "name": "Leche Condensada LA LECHERA",
    "description": "Leche Condensada 740 Gr",
    "category": "Condensada",
    "url": "https://tienda.consum.es/es/p/leche-condensada/346106",
    "price": 2.87,
    "reference_price": 3.88,
    "iva": 10,
    "reference_unit": "1 Kg",
    "date": "2023-01-17"
  },
  {
    "id": 4917,
    "name": "Cacao Instantáneo NESQUIK",
    "description": "Cacao Instantáneo 390 Gr",
    "category": "Cacao soluble",
    "url": "https://tienda.consum.es/es/p/cacao-instantaneo/348235",
    "price": 2.79,
    "reference_price": 7.15,
    "iva": 10,
    "reference_unit": "1 Kg",
    "date": "2023-01-17"
  },
  {
    "id": 4919,
    "name": "Cafe Soluble Natural Tarro NESCAFE",
    "description": "Cafe Soluble Natural Tarro 200 Gr",
    "category": "Café Soluble ",
    "url": "https://tienda.consum.es/es/p/cafe-soluble-natural-tarro/350165",
    "price": 5.85,
    "reference_price": 29.25,
    "iva": 10,
    "reference_unit": "1 Kg",
    "date": "2023-01-17"
  },
  {
    "id": 4920,
    "name": "Cafe Soluble Natural Tarro NESCAFE",
    "description": "Cafe Soluble Natural Tarro 100 Gr",
    "category": "Café Soluble ",
    "url": "https://tienda.consum.es/es/p/cafe-soluble-natural-tarro/350173",
    "price": 3.75,
    "reference_price": 37.5,
    "iva": 10,
    "reference_unit": "1 Kg",
    "date": "2023-01-17"
  },
  {
    "id": 4921,
    "name": "Café Descafeinado Soluble NESCAFE",
    "description": "Café Descafeinado Soluble 200 Gr",
    "category": "Café Soluble ",
    "url": "https://tienda.consum.es/es/p/cafe-descafeinado-soluble/350223",
    "price": 5.95,
    "reference_price": 29.75,
    "iva": 10,
    "reference_unit": "1 Kg",
    "date": "2023-01-17"
  },
  {
    "id": 4922,
    "name": "Café Descafeinado Soluble NESCAFE",
    "description": "Café Descafeinado Soluble 100 Gr",
    "category": "Café Soluble ",
    "url": "https://tienda.consum.es/es/p/cafe-descafeinado-soluble/350231",
    "price": 3.95,
    "reference_price": 39.5,
    "iva": 10,
    "reference_unit": "1 Kg",
    "date": "2023-01-17"
  },
  {
    "id": 4924,
    "name": "Café Molido Natural MARCILLA",
    "description": "Café Molido Natural 250 Gr",
    "category": "Café Molido natural",
    "url": "https://tienda.consum.es/es/p/cafe-molido-natural/353565",
    "price": 3.19,
    "reference_price": 12.76,
    "iva": 10,
    "reference_unit": "1 Kg",
    "date": "2023-01-17"
  },
  {
    "id": 4925,
    "name": "Café Molido Mezcla 50/50 MARCILLA",
    "description": "Café Molido Mezcla 50/50 250 Gr",
    "category": "Café Molido mezcla",
    "url": "https://tienda.consum.es/es/p/cafe-molido-mezcla-50/50/353748",
    "price": 3.19,
    "reference_price": 12.76,
    "iva": 10,
    "reference_unit": "1 Kg",
    "date": "2023-01-17"
  },
  {
    "id": 4926,
    "name": "Huevo Kinder Sorpresa Unidad KINDER",
    "description": "Huevo Kinder Sorpresa Unidad 20 Gr",
    "category": "Chocolatinas y bombones",
    "url": "https://tienda.consum.es/es/p/huevo-kinder-sorpresa-unidad/354266",
    "price": 1.3,
    "reference_price": 6.5,
    "iva": 10,
    "reference_unit": "100 Gr",
    "date": "2023-01-17"
  },
  {
    "id": 4927,
    "name": "Preparado de Cuajada 4 Sobres ROYAL",
    "description": "Preparado de Cuajada 4 Sobres 48 Gr",
    "category": "Repostería para preparar",
    "url": "https://tienda.consum.es/es/p/preparado-de-cuajada-4-sobres/356154",
    "price": 1.45,
    "reference_price": 3.02,
    "iva": 10,
    "reference_unit": "100 Gr",
    "date": "2023-01-17"
  },
  {
    "id": 4928,
    "name": "Flan de Vainilla 8 Unidades ROYAL",
    "description": "Flan de Vainilla 8 Unidades 186 Gr",
    "category": "Repostería para preparar",
    "url": "https://tienda.consum.es/es/p/flan-de-vainilla-8-unidades/356162",
    "price": 1.8,
    "reference_price": 9.68,
    "iva": 10,
    "reference_unit": "1 Kg",
    "date": "2023-01-17"
  },
  {
    "id": 4931,
    "name": "Café Descafeinado Soluble NESCAFE",
    "description": "Café Descafeinado Soluble 20 Gr",
    "category": "Café Soluble ",
    "url": "https://tienda.consum.es/es/p/cafe-descafeinado-soluble/357640",
    "price": 1.19,
    "reference_price": 5.95,
    "iva": 10,
    "reference_unit": "100 Gr",
    "date": "2023-01-17"
  },
  {
    "id": 4932,
    "name": "Galletas la Buena Maria FONTANEDA",
    "description": "Galletas la Buena Maria 800 Gr",
    "category": "Desayuno y maría",
    "url": "https://tienda.consum.es/es/p/galletas-la-buena-maria/358069",
    "price": 2.85,
    "reference_price": 3.56,
    "iva": 10,
    "reference_unit": "1 Kg",
    "date": "2023-01-17"
  },
  {
    "id": 4933,
    "name": "Galletas Napolitanas CUETARA",
    "description": "Galletas Napolitanas 500 Gr",
    "category": "Desayuno y maría",
    "url": "https://tienda.consum.es/es/p/galletas-napolitanas/358325",
    "price": 3.29,
    "reference_price": 6.58,
    "iva": 10,
    "reference_unit": "1 Kg",
    "date": "2023-01-17"
  },
  {
    "id": 4934,
    "name": "Valencianas 12 Unidades DULCESOL",
    "description": "Valencianas 12 Unidades 350 Gr",
    "category": "Bollería industrial",
    "url": "https://tienda.consum.es/es/p/valencianas-12-unidades/360347",
    "price": 2.29,
    "reference_price": 6.54,
    "iva": 10,
    "reference_unit": "1 Kg",
    "date": "2023-01-17"
  },
  {
    "id": 4938,
    "name": "Spaghettini al Huevo Paquete GALLO",
    "description": "Spaghettini al Huevo Paquete 450 Gr",
    "category": "Macarrones, espaguetis y tallarines",
    "url": "https://tienda.consum.es/es/p/spaghettini-al-huevo-paquete/361832",
    "price": 1.67,
    "reference_price": 3.71,
    "iva": 5,
    "reference_unit": "1 Kg",
    "date": "2023-01-17"
  },
  {
    "id": 4940,
    "name": "Maccheroni Rayado al Huevo Paquete GALLO",
    "description": "Maccheroni Rayado al Huevo Paquete 450 Gr",
    "category": "Macarrones, espaguetis y tallarines",
    "url": "https://tienda.consum.es/es/p/maccheroni-rayado-al-huevo-paquete/361873",
    "price": 1.67,
    "reference_price": 3.71,
    "iva": 5,
    "reference_unit": "1 Kg",
    "date": "2023-01-17"
  },
  {
    "id": 4941,
    "name": "Caldo de Pescado Deshidratado12 Pastillas KNORR",
    "description": "Caldo de Pescado Deshidratado12 Pastillas 120 Gr",
    "category": "Concentrado y pastillas",
    "url": "https://tienda.consum.es/es/p/caldo-de-pescado-deshidratado12-pastillas/363754",
    "price": 1.65,
    "reference_price": 13.75,
    "iva": 10,
    "reference_unit": "1 Kg",
    "date": "2023-01-17"
  },
  {
    "id": 4943,
    "name": "Sopa Deshidratada Pollo y Fideos Sobre G.BLANCA",
    "description": "Sopa Deshidratada Pollo y Fideos Sobre 71 Gr",
    "category": "Preparados en sobre",
    "url": "https://tienda.consum.es/es/p/sopa-deshidratada-pollo-y-fideos-sobre/364323",
    "price": 0.69,
    "reference_price": 9.72,
    "iva": 10,
    "reference_unit": "1 Kg",
    "date": "2023-01-17"
  },
  {
    "id": 4944,
    "name": "Sopa Deshidratada Ave y Fideos Sobre G.BLANCA",
    "description": "Sopa Deshidratada Ave y Fideos Sobre 76 Gr",
    "category": "Preparados en sobre",
    "url": "https://tienda.consum.es/es/p/sopa-deshidratada-ave-y-fideos-sobre/364331",
    "price": 0.69,
    "reference_price": 9.08,
    "iva": 10,
    "reference_unit": "1 Kg",
    "date": "2023-01-17"
  },
  {
    "id": 4945,
    "name": "Sopa Deshidratada Ternera Estrellitas G.BLANCA",
    "description": "Sopa Deshidratada Ternera Estrellitas 74 Gr",
    "category": "Preparados en sobre",
    "url": "https://tienda.consum.es/es/p/sopa-deshidratada-ternera-estrellitas/364380",
    "price": 0.69,
    "reference_price": 9.32,
    "iva": 10,
    "reference_unit": "1 Kg",
    "date": "2023-01-17"
  },
  {
    "id": 4946,
    "name": "Chocolate Crujiente CRUNCH",
    "description": "Chocolate Crujiente 100 Gr",
    "category": "Tabletas",
    "url": "https://tienda.consum.es/es/p/chocolate-crujiente/364786",
    "price": 1.25,
    "reference_price": 12.5,
    "iva": 10,
    "reference_unit": "1 Kg",
    "date": "2023-01-17"
  },
  {
    "id": 4947,
    "name": "Caldo de Pollo Deshidratado 12 Pastillas AVECREM",
    "description": "Caldo de Pollo Deshidratado 12 Pastillas 120 Gr",
    "category": "Concentrado y pastillas",
    "url": "https://tienda.consum.es/es/p/caldo-de-pollo-deshidratado-12-pastillas/366112",
    "price": 1.79,
    "reference_price": 14.92,
    "iva": 10,
    "reference_unit": "1 Kg",
    "date": "2023-01-17"
  },
  {
    "id": 4948,
    "name": "Agua Mineral con Gas Botella Cristal VICHY",
    "description": "Agua Mineral con Gas Botella Cristal 1 L",
    "category": "Agua con gas",
    "url": "https://tienda.consum.es/es/p/agua-mineral-con-gas-botella-cristal/366807",
    "price": 1.29,
    "reference_price": 1.29,
    "iva": 10,
    "reference_unit": "1 L",
    "date": "2023-01-17"
  },
  {
    "id": 6366,
    "name": "Tónica Lata CONSUM",
    "description": "Tónica Lata 0,33 L",
    "category": "Tónica",
    "url": "https://tienda.consum.es/es/p/tonica-lata/7140879",
    "price": 0.35,
    "reference_price": 1.06,
    "iva": 21,
    "reference_unit": "1 L",
    "date": "2023-01-17"
  },
  {
    "id": 6367,
    "name": "Refresco Cola Light Lata CONSUM",
    "description": "Refresco Cola Light Lata 0,33 L",
    "category": "Cola",
    "url": "https://tienda.consum.es/es/p/refresco-cola-light-lata/7140882",
    "price": 0.34,
    "reference_price": 1.03,
    "iva": 21,
    "reference_unit": "1 L",
    "date": "2023-01-17"
  },
  {
    "id": 6369,
    "name": "Chocolate con Leche Extrafino NESTLE",
    "description": "Chocolate con Leche Extrafino 270 Gr",
    "category": "Tabletas",
    "url": "https://tienda.consum.es/es/p/chocolate-con-leche-extrafino/7141104",
    "price": 2.05,
    "reference_price": 7.59,
    "iva": 10,
    "reference_unit": "1 Kg",
    "date": "2023-01-17"
  },
  {
    "id": 6373,
    "name": "Higiénico Mega3 FOXY",
    "description": "Higiénico Mega3 4 U",
    "category": "Papel higiénico",
    "url": "https://tienda.consum.es/es/p/higienico-mega3/7141471",
    "price": 4.19,
    "reference_price": 1.05,
    "iva": 21,
    "reference_unit": "1 U",
    "date": "2023-01-17"
  },
  {
    "id": 6374,
    "name": "Yogur Natural Azucarado S/Lactosa Pack de 4 Ud KAIKU",
    "description": "Yogur Natural Azucarado S/Lactosa Pack de 4 Ud 4 x 125 Gr",
    "category": "Yogures especial salud",
    "url": "https://tienda.consum.es/es/p/yogur-natural-azucarado-s/lactosa-pack-de-4-ud/7141542",
    "price": 2.19,
    "reference_price": 4.38,
    "iva": 10,
    "reference_unit": "1 Kg",
    "date": "2023-01-17"
  },
  {
    "id": 6375,
    "name": "Caffè Latte Cappuccino KAIKU",
    "description": "Caffè Latte Cappuccino 230 ml",
    "category": "Batidos y cafés",
    "url": "https://tienda.consum.es/es/p/caffe-latte-cappuccino/7141559",
    "price": 1.69,
    "reference_price": 7.35,
    "iva": 10,
    "reference_unit": "1 L",
    "date": "2023-01-17"
  },
  {
    "id": 6376,
    "name": "Caffè Latte Espresso KAIKU",
    "description": "Caffè Latte Espresso 230 ml",
    "category": "Batidos y cafés",
    "url": "https://tienda.consum.es/es/p/caffe-latte-espresso/7141562",
    "price": 1.69,
    "reference_price": 7.35,
    "iva": 10,
    "reference_unit": "1 L",
    "date": "2023-01-17"
  },
  {
    "id": 6377,
    "name": "Caffè Latte Light sin Lactosa KAIKU",
    "description": "Caffè Latte Light sin Lactosa 230 ml",
    "category": "Batidos y cafés",
    "url": "https://tienda.consum.es/es/p/caffe-latte-light-sin-lactosa/7141567",
    "price": 1.69,
    "reference_price": 7.35,
    "iva": 10,
    "reference_unit": "1 L",
    "date": "2023-01-17"
  },
  {
    "id": 6378,
    "name": "Yogur Dúo Kit Kat Pack de 2 Unidades NESTLE",
    "description": "Yogur Dúo Kit Kat Pack de 2 Unidades 2 x 115 Gr",
    "category": "Petit e infantiles",
    "url": "https://tienda.consum.es/es/p/yogur-duo-kit-kat-pack-de-2-unidades/7141799",
    "price": 1.99,
    "reference_price": 8.65,
    "iva": 10,
    "reference_unit": "1 Kg",
    "date": "2023-01-17"
  },
  {
    "id": 6379,
    "name": "Queso Fundido Light Porciones CONSUM",
    "description": "Queso Fundido Light Porciones 250 Gr",
    "category": "Quesos Fundidos",
    "url": "https://tienda.consum.es/es/p/queso-fundido-light-porciones/7142032",
    "price": 1.59,
    "reference_price": 6.36,
    "iva": 0,
    "reference_unit": "1 Kg",
    "date": "2023-01-17"
  },
  {
    "id": 6380,
    "name": "Queso Fundido. Porciones CONSUM",
    "description": "Queso Fundido. Porciones 250 Gr",
    "category": "Quesos Fundidos",
    "url": "https://tienda.consum.es/es/p/queso-fundido-porciones/7142045",
    "price": 1.58,
    "reference_price": 6.32,
    "iva": 0,
    "reference_unit": "1 Kg",
    "date": "2023-01-17"
  },
  {
    "id": 6381,
    "name": "Queso Tierno Mezcla Lonchas CONSUM",
    "description": "Queso Tierno Mezcla Lonchas 200 Gr",
    "category": "Barra y otros nacionales",
    "url": "https://tienda.consum.es/es/p/queso-tierno-mezcla-lonchas/7142052",
    "price": 1.58,
    "reference_price": 7.9,
    "iva": 0,
    "reference_unit": "1 Kg",
    "date": "2023-01-17"
  },
  {
    "id": 6382,
    "name": "Queso Mezcla Semi Lonchas CONSUM",
    "description": "Queso Mezcla Semi Lonchas 200 Gr",
    "category": "Barra y otros nacionales",
    "url": "https://tienda.consum.es/es/p/queso-mezcla-semi-lonchas/7142057",
    "price": 2,
    "reference_price": 10,
    "iva": 0,
    "reference_unit": "1 Kg",
    "date": "2023-01-17"
  },
  {
    "id": 6383,
    "name": "Mermelada Diet Melocotón HELIOS",
    "description": "Mermelada Diet Melocotón 280 Gr",
    "category": "Mermeladas y confituras",
    "url": "https://tienda.consum.es/es/p/mermelada-diet-melocoton/7142198",
    "price": 1.99,
    "reference_price": 7.11,
    "iva": 10,
    "reference_unit": "1 Kg",
    "date": "2023-01-17"
  },
  {
    "id": 6384,
    "name": "Pizza Jamón y Queso al Horno de Piedra CONSUM",
    "description": "Pizza Jamón y Queso al Horno de Piedra 400 Gr",
    "category": "Pizza refrigerada",
    "url": "https://tienda.consum.es/es/p/pizza-jamon-y-queso-al-horno-de-piedra/7142474",
    "price": 2.5,
    "reference_price": 6.25,
    "iva": 10,
    "reference_unit": "1 Kg",
    "date": "2023-01-17"
  },
  {
    "id": 6385,
    "name": "Pizza 4 Quesos al Horno de Piedra CONSUM",
    "description": "Pizza 4 Quesos al Horno de Piedra 400 Gr",
    "category": "Pizza refrigerada",
    "url": "https://tienda.consum.es/es/p/pizza-4-quesos-al-horno-de-piedra/7142479",
    "price": 2.9,
    "reference_price": 7.25,
    "iva": 10,
    "reference_unit": "1 Kg",
    "date": "2023-01-17"
  },
  {
    "id": 6386,
    "name": "Pizza Atún y Bacón CONSUM",
    "description": "Pizza Atún y Bacón 400 Gr",
    "category": "Pizza refrigerada",
    "url": "https://tienda.consum.es/es/p/pizza-atun-y-bacon/7142482",
    "price": 2.9,
    "reference_price": 7.25,
    "iva": 10,
    "reference_unit": "1 Kg",
    "date": "2023-01-17"
  },
  {
    "id": 6387,
    "name": "Crema de Cacao 2 Sabores Bote CONSUM",
    "description": "Crema de Cacao 2 Sabores Bote 500 Gr",
    "category": "Cremas de desayuno",
    "url": "https://tienda.consum.es/es/p/crema-de-cacao-2-sabores-bote/7144157",
    "price": 1.95,
    "reference_price": 3.9,
    "iva": 10,
    "reference_unit": "1 Kg",
    "date": "2023-01-17"
  },
  {
    "id": 6389,
    "name": "Mayonesa Tarro Cristal HELLMANN'S",
    "description": "Mayonesa Tarro Cristal 225 ml",
    "category": "Mayonesa",
    "url": "https://tienda.consum.es/es/p/mayonesa-tarro-cristal/7144207",
    "price": 1.6,
    "reference_price": 7.11,
    "iva": 10,
    "reference_unit": "1 L",
    "date": "2023-01-17"
  },
  {
    "id": 6394,
    "name": "Tarrito Buenas Noches Guisantes con Jamón P-2 HERO",
    "description": "Tarrito Buenas Noches Guisantes con Jamón P-2 2 x 190 Gr",
    "category": "Alimentación infantil",
    "url": "https://tienda.consum.es/es/p/tarrito-buenas-noches-guisantes-con-jamon-p-2/7144558",
    "price": 2.45,
    "reference_price": 6.45,
    "iva": 10,
    "reference_unit": "1 Kg",
    "date": "2023-01-17"
  },
  {
    "id": 6399,
    "name": "Pan Molde 100% Natural Sin Leche y Sin Lactosa BIMBO",
    "description": "Pan Molde 100% Natural Sin Leche y Sin Lactosa 460 Gr",
    "category": "Pan de molde",
    "url": "https://tienda.consum.es/es/p/pan-molde-100-natural-sin-leche-y-sin-lactosa/7145357",
    "price": 2.39,
    "reference_price": 5.2,
    "iva": 10,
    "reference_unit": "1 Kg",
    "date": "2023-01-17"
  },
  {
    "id": 6401,
    "name": "Cepillo Dental 2 Más 2 Extra Clean COLGATE",
    "description": "Cepillo Dental 2 Más 2 Extra Clean 4 U",
    "category": "Cepillos de dientes",
    "url": "https://tienda.consum.es/es/p/cepillo-dental-2-mas-2-extra-clean/7145571",
    "price": 2.99,
    "reference_price": 0.75,
    "iva": 21,
    "reference_unit": "1 U",
    "date": "2023-01-17"
  },
  {
    "id": 6402,
    "name": "Refresco Cola Zero Zero Pet COCA-COLA",
    "description": "Refresco Cola Zero Zero Pet 2 L",
    "category": "Cola",
    "url": "https://tienda.consum.es/es/p/refresco-cola-zero-zero-pet/7145860",
    "price": 2.1,
    "reference_price": 1.05,
    "iva": 21,
    "reference_unit": "1 L",
    "date": "2023-01-17"
  },
  {
    "id": 6403,
    "name": "Bebida Energética Lata RED BULL",
    "description": "Bebida Energética Lata 355 ml",
    "category": "Energéticas",
    "url": "https://tienda.consum.es/es/p/bebida-energetica-lata/7146186",
    "price": 1.84,
    "reference_price": 5.18,
    "iva": 21,
    "reference_unit": "1 L",
    "date": "2023-01-17"
  },
  {
    "id": 6405,
    "name": "Tomate Asurcado ",
    "description": "Tomate Asurcado",
    "category": "Pepinos, tomates y pimientos",
    "url": "https://tienda.consum.es/es/p/tomate-asurcado/7146798",
    "price": 0.64,
    "reference_price": 3.36,
    "iva": 0,
    "reference_unit": "1 Kg",
    "date": "2023-01-17"
  },
  {
    "id": 6406,
    "name": "Cerveza Mexicana Botella CORONA",
    "description": "Cerveza Mexicana Botella 355 ml",
    "category": "Importación botella",
    "url": "https://tienda.consum.es/es/p/cerveza-mexicana-botella/7147192",
    "price": 1.39,
    "reference_price": 3.92,
    "iva": 21,
    "reference_unit": "1 L",
    "date": "2023-01-17"
  },
  {
    "id": 6408,
    "name": "Agua Mineral Natural Tapón Rosca SOLAN CABRAS",
    "description": "Agua Mineral Natural Tapón Rosca 0,5 L",
    "category": "Agua sin gas : botella",
    "url": "https://tienda.consum.es/es/p/agua-mineral-natural-tapon-rosca/7147895",
    "price": 0.66,
    "reference_price": 1.32,
    "iva": 10,
    "reference_unit": "1 L",
    "date": "2023-01-17"
  },
  {
    "id": 6414,
    "name": "Agua Mineral Natural Botella SOLAN CABRAS",
    "description": "Agua Mineral Natural Botella 1,5 L",
    "category": "Agua sin gas : botella",
    "url": "https://tienda.consum.es/es/p/agua-mineral-natural-botella/7148203",
    "price": 0.88,
    "reference_price": 0.59,
    "iva": 10,
    "reference_unit": "1 L",
    "date": "2023-01-17"
  },
  {
    "id": 6416,
    "name": "Pan de Molde Clasico Sin Corteza CONSUM",
    "description": "Pan de Molde Clasico Sin Corteza 450 Gr",
    "category": "Pan de molde",
    "url": "https://tienda.consum.es/es/p/pan-de-molde-clasico-sin-corteza/7149094",
    "price": 1.3,
    "reference_price": 2.89,
    "iva": 10,
    "reference_unit": "1 Kg",
    "date": "2023-01-17"
  },
  {
    "id": 6418,
    "name": "Body Milk Aceite de Oliva Piel Seca NIVEA",
    "description": "Body Milk Aceite de Oliva Piel Seca 400 ml",
    "category": "Body-lociones",
    "url": "https://tienda.consum.es/es/p/body-milk-aceite-de-oliva-piel-seca/7149222",
    "price": 3.45,
    "reference_price": 0.86,
    "iva": 21,
    "reference_unit": "100 ml",
    "date": "2023-01-17"
  },
  {
    "id": 6419,
    "name": "Desodorante Roll-On Invisible Black & White NIVEA",
    "description": "Desodorante Roll-On Invisible Black & White 50 ml",
    "category": "Roll on",
    "url": "https://tienda.consum.es/es/p/desodorante-roll-on-invisible-black-white/7149227",
    "price": 2.15,
    "reference_price": 4.3,
    "iva": 21,
    "reference_unit": "100 ml",
    "date": "2023-01-17"
  },
  {
    "id": 6420,
    "name": "Cerveza Lata AGUILA NEGRA",
    "description": "Cerveza Lata 0,33 L",
    "category": "Nacional lata",
    "url": "https://tienda.consum.es/es/p/cerveza-lata/7149230",
    "price": 0.29,
    "reference_price": 0.88,
    "iva": 21,
    "reference_unit": "1 L",
    "date": "2023-01-17"
  },
  {
    "id": 6422,
    "name": "Zumo+Leche Mediterráneo CONSUM",
    "description": "Zumo+Leche Mediterráneo 6 x 200 ml",
    "category": "Zumos con leche",
    "url": "https://tienda.consum.es/es/p/zumoleche-mediterraneo/7149438",
    "price": 1.1,
    "reference_price": 0.92,
    "iva": 21,
    "reference_unit": "1 L",
    "date": "2023-01-17"
  },
  {
    "id": 6423,
    "name": "Zumo+Leche Tropical CONSUM",
    "description": "Zumo+Leche Tropical 6 x 200 ml",
    "category": "Zumos con leche",
    "url": "https://tienda.consum.es/es/p/zumoleche-tropical/7149441",
    "price": 1.1,
    "reference_price": 0.92,
    "iva": 21,
    "reference_unit": "1 L",
    "date": "2023-01-17"
  },
  {
    "id": 6424,
    "name": "Queso Mezcla Curado Ya Cortado L Pasteurizad G.BAQUERO",
    "description": "Queso Mezcla Curado Ya Cortado L Pasteurizad 250 Gr",
    "category": "Quesos Curados",
    "url": "https://tienda.consum.es/es/p/queso-mezcla-curado-ya-cortado-l-pasteurizad/7149565",
    "price": 4.7,
    "reference_price": 18.8,
    "iva": 0,
    "reference_unit": "1 Kg",
    "date": "2023-01-17"
  },
  {
    "id": 6428,
    "name": "Lácteo Fibra Brik ASTURIANA",
    "description": "Lácteo Fibra Brik 1 L",
    "category": "Leches especiales",
    "url": "https://tienda.consum.es/es/p/lacteo-fibra-brik/7149818",
    "price": 1.59,
    "reference_price": 1.59,
    "iva": 10,
    "reference_unit": "1 L",
    "date": "2023-01-17"
  },
  {
    "id": 6430,
    "name": "Bebida Energética Green Lata MONSTER",
    "description": "Bebida Energética Green Lata 0,5 L",
    "category": "Energéticas",
    "url": "https://tienda.consum.es/es/p/bebida-energetica-green-lata/7150071",
    "price": 1.58,
    "reference_price": 3.16,
    "iva": 21,
    "reference_unit": "1 L",
    "date": "2023-01-17"
  },
  {
    "id": 6435,
    "name": "Gazpacho Suave CONSUM",
    "description": "Gazpacho Suave 1 L",
    "category": "Gazpacho",
    "url": "https://tienda.consum.es/es/p/gazpacho-suave/7150311",
    "price": 1.75,
    "reference_price": 1.75,
    "iva": 10,
    "reference_unit": "1 L",
    "date": "2023-01-17"
  },
  {
    "id": 6437,
    "name": "Dentífrico Repair-Protect SENSODYNE",
    "description": "Dentífrico Repair-Protect 75 ml",
    "category": "Dentífricos",
    "url": "https://tienda.consum.es/es/p/dentifrico-repair-protect/7150407",
    "price": 4.3,
    "reference_price": 5.73,
    "iva": 21,
    "reference_unit": "100 ml",
    "date": "2023-01-17"
  },
  {
    "id": 6438,
    "name": "Farfalle con Vegetales Paquete CONSUM",
    "description": "Farfalle con Vegetales Paquete 500 Gr",
    "category": "Otras pastas secas",
    "url": "https://tienda.consum.es/es/p/farfalle-con-vegetales-paquete/7150571",
    "price": 0.95,
    "reference_price": 1.9,
    "iva": 5,
    "reference_unit": "1 Kg",
    "date": "2023-01-17"
  },
  {
    "id": 6439,
    "name": "Tomate Frito Brik ORLANDO",
    "description": "Tomate Frito Brik 350 Gr",
    "category": "Tomate",
    "url": "https://tienda.consum.es/es/p/tomate-frito-brik/7150584",
    "price": 0.99,
    "reference_price": 2.83,
    "iva": 10,
    "reference_unit": "1 Kg",
    "date": "2023-01-17"
  },
  {
    "id": 6440,
    "name": "Tomate Frito Brik Pack de 3 ORLANDO",
    "description": "Tomate Frito Brik Pack de 3 3 x 210 Gr",
    "category": "Tomate",
    "url": "https://tienda.consum.es/es/p/tomate-frito-brik-pack-de-3/7150589",
    "price": 1.95,
    "reference_price": 3.1,
    "iva": 10,
    "reference_unit": "1 Kg",
    "date": "2023-01-17"
  },
  {
    "id": 6444,
    "name": "Compresa Ultra Normal Con Alas AUSONIA",
    "description": "Compresa Ultra Normal Con Alas 14 U",
    "category": "Compresas y protegeslips",
    "url": "https://tienda.consum.es/es/p/compresa-ultra-normal-con-alas/7151082",
    "price": 1.65,
    "reference_price": 0.12,
    "iva": 4,
    "reference_unit": "1 U",
    "date": "2023-01-17"
  },
  {
    "id": 6447,
    "name": "Crema Lata Azul Cara,Cuerpo y Manos NIVEA",
    "description": "Crema Lata Azul Cara,Cuerpo y Manos 30 ml",
    "category": "Body-lociones",
    "url": "https://tienda.consum.es/es/p/crema-lata-azul-caracuerpo-y-manos/7151285",
    "price": 1.19,
    "reference_price": 3.97,
    "iva": 21,
    "reference_unit": "100 ml",
    "date": "2023-01-17"
  },
  {
    "id": 6448,
    "name": "Crema Hidrantante Soft Cara,Cuerpo y Manos NIVEA",
    "description": "Crema Hidrantante Soft Cara,Cuerpo y Manos 50 ml",
    "category": "Body-lociones",
    "url": "https://tienda.consum.es/es/p/crema-hidrantante-soft-caracuerpo-y-manos/7151298",
    "price": 1.19,
    "reference_price": 2.38,
    "iva": 21,
    "reference_unit": "100 ml",
    "date": "2023-01-17"
  },
  {
    "id": 6452,
    "name": "Pizza congelada Salami CONSUM",
    "description": "Pizza congelada Salami 340 Gr",
    "category": "Pizza congelada",
    "url": "https://tienda.consum.es/es/p/pizza-congelada-salami/7151327",
    "price": 2.69,
    "reference_price": 7.91,
    "iva": 10,
    "reference_unit": "1 Kg",
    "date": "2023-01-17"
  },
  {
    "id": 6454,
    "name": "Pizza congelada 5 Quesos CONSUM",
    "description": "Pizza congelada 5 Quesos 345 Gr",
    "category": "Pizza congelada",
    "url": "https://tienda.consum.es/es/p/pizza-congelada-5-quesos/7151335",
    "price": 2.69,
    "reference_price": 7.8,
    "iva": 10,
    "reference_unit": "1 Kg",
    "date": "2023-01-17"
  },
  {
    "id": 6455,
    "name": "Pizza congelada Jamón y Queso CONSUM",
    "description": "Pizza congelada Jamón y Queso 340 Gr",
    "category": "Pizza congelada",
    "url": "https://tienda.consum.es/es/p/pizza-congelada-jamon-y-queso/7151343",
    "price": 2.69,
    "reference_price": 7.91,
    "iva": 10,
    "reference_unit": "1 Kg",
    "date": "2023-01-17"
  },
  {
    "id": 6462,
    "name": "Café Con Leche Cápsulas DOLCE GUSTO",
    "description": "Café Con Leche Cápsulas 16 U",
    "category": "Café en cápsulas",
    "url": "https://tienda.consum.es/es/p/cafe-con-leche-capsulas/7152010",
    "price": 4.89,
    "reference_price": 0.31,
    "iva": 10,
    "reference_unit": "1 U",
    "date": "2023-01-17"
  },
  {
    "id": 6463,
    "name": "Infusion Cola de Caballo Plus 3 Bolsitas 20 Unid. POMPADOUR",
    "description": "Infusion Cola de Caballo Plus 3 Bolsitas 20 Unid. 20 Do",
    "category": "Otras infusiones",
    "url": "https://tienda.consum.es/es/p/infusion-cola-de-caballo-plus-3-bolsitas-20-unid/7152028",
    "price": 2.75,
    "reference_price": 0.14,
    "iva": 10,
    "reference_unit": "1 Do",
    "date": "2023-01-17"
  },
  {
    "id": 6464,
    "name": "Tinto Verano Limón Botella Pet DON SIMON",
    "description": "Tinto Verano Limón Botella Pet 1,5 L",
    "category": "Sangrías y combinados base vino",
    "url": "https://tienda.consum.es/es/p/tinto-verano-limon-botella-pet/7152031",
    "price": 1.7,
    "reference_price": 1.13,
    "iva": 21,
    "reference_unit": "1 L",
    "date": "2023-01-17"
  },
  {
    "id": 6473,
    "name": "Desodorante Spray Invisible Black&White NIVEA",
    "description": "Desodorante Spray Invisible Black&White 200 ml",
    "category": "Spray",
    "url": "https://tienda.consum.es/es/p/desodorante-spray-invisible-blackwhite/7152754",
    "price": 2.85,
    "reference_price": 1.43,
    "iva": 21,
    "reference_unit": "100 ml",
    "date": "2023-01-17"
  },
  {
    "id": 6474,
    "name": "Leche Merengada Pack de 2 Unidades MONZO",
    "description": "Leche Merengada Pack de 2 Unidades 2 x 200 ml",
    "category": "Horchatas y granizados",
    "url": "https://tienda.consum.es/es/p/leche-merengada-pack-de-2-unidades/7153448",
    "price": 1.89,
    "reference_price": 4.73,
    "iva": 10,
    "reference_unit": "1 L",
    "date": "2023-01-17"
  },
  {
    "id": 6475,
    "name": "Pan Tostado Sabor Ajo y Perejil CONSUM",
    "description": "Pan Tostado Sabor Ajo y Perejil 160 Gr",
    "category": "Tostadas y minibiscotes",
    "url": "https://tienda.consum.es/es/p/pan-tostado-sabor-ajo-y-perejil/7153794",
    "price": 1.09,
    "reference_price": 6.81,
    "iva": 10,
    "reference_unit": "1 Kg",
    "date": "2023-01-17"
  },
  {
    "id": 6477,
    "name": "Antical Gel CALGON",
    "description": "Antical Gel 0,75 L",
    "category": "Aditivos y complementos",
    "url": "https://tienda.consum.es/es/p/antical-gel/7153885",
    "price": 7.99,
    "reference_price": 10.65,
    "iva": 21,
    "reference_unit": "1 L",
    "date": "2023-01-17"
  },
  {
    "id": 6479,
    "name": "Comida Húmeda Perros Pollo Tarrina 150 CESAR",
    "description": "Comida Húmeda Perros Pollo Tarrina 150 150 Gr",
    "category": "Húmedo",
    "url": "https://tienda.consum.es/es/p/comida-humeda-perros-pollo-tarrina-150/7153906",
    "price": 1.29,
    "reference_price": 8.6,
    "iva": 10,
    "reference_unit": "1 Kg",
    "date": "2023-01-17"
  },
  {
    "id": 6486,
    "name": "Bacón en Lonchas CONSUM",
    "description": "Bacón en Lonchas 200 Gr",
    "category": "Bacon y panceta",
    "url": "https://tienda.consum.es/es/p/bacon-en-lonchas/7154487",
    "price": 1.98,
    "reference_price": 9.9,
    "iva": 10,
    "reference_unit": "1 Kg",
    "date": "2023-01-17"
  },
  {
    "id": 6488,
    "name": "Vegetal Clean Universal Animales VITAKRAFT",
    "description": "Vegetal Clean Universal Animales 8 L",
    "category": "Cuidado e higiene",
    "url": "https://tienda.consum.es/es/p/vegetal-clean-universal-animales/7154797",
    "price": 7.1,
    "reference_price": 0.89,
    "iva": 21,
    "reference_unit": "1 L",
    "date": "2023-01-17"
  },
  {
    "id": 6489,
    "name": "Sal Lavavajillas en ESCAMAS CONSUM",
    "description": "Sal Lavavajillas en ESCAMAS 3 Kg",
    "category": "Aditivos y limpiamáquinas",
    "url": "https://tienda.consum.es/es/p/sal-lavavajillas-en-escamas/7154917",
    "price": 1.08,
    "reference_price": 0.36,
    "iva": 21,
    "reference_unit": "1 Kg",
    "date": "2023-01-17"
  },
  {
    "id": 6491,
    "name": "Paté Pimienta Pack de 2 Unidades LA CUINA",
    "description": "Paté Pimienta Pack de 2 Unidades 2 x 50 Gr",
    "category": "Foie y patés ",
    "url": "https://tienda.consum.es/es/p/pate-pimienta-pack-de-2-unidades/7155021",
    "price": 1.39,
    "reference_price": 13.9,
    "iva": 10,
    "reference_unit": "1 Kg",
    "date": "2023-01-17"
  },
  {
    "id": 6494,
    "name": "Picatostes Fritos Naturales CONSUM",
    "description": "Picatostes Fritos Naturales 75 Gr",
    "category": "Rosquilletas, picos y snacks",
    "url": "https://tienda.consum.es/es/p/picatostes-fritos-naturales/7155310",
    "price": 0.65,
    "reference_price": 8.67,
    "iva": 10,
    "reference_unit": "1 Kg",
    "date": "2023-01-17"
  },
  {
    "id": 6495,
    "name": "Picatostes Fritos al Aroma de Ajo CONSUM",
    "description": "Picatostes Fritos al Aroma de Ajo 75 Gr",
    "category": "Rosquilletas, picos y snacks",
    "url": "https://tienda.consum.es/es/p/picatostes-fritos-al-aroma-de-ajo/7155315",
    "price": 0.65,
    "reference_price": 8.67,
    "iva": 10,
    "reference_unit": "1 Kg",
    "date": "2023-01-17"
  },
  {
    "id": 6496,
    "name": "Colonia Infantil Spray NENUCO",
    "description": "Colonia Infantil Spray 240 ml",
    "category": "Cremas, lociones y colonia",
    "url": "https://tienda.consum.es/es/p/colonia-infantil-spray/7155591",
    "price": 3.5,
    "reference_price": 1.46,
    "iva": 21,
    "reference_unit": "100 ml",
    "date": "2023-01-17"
  },
  {
    "id": 6498,
    "name": "Desmaquillante Ojos Cuidado Essencials Bif GARNIER",
    "description": "Desmaquillante Ojos Cuidado Essencials Bif 125 ml",
    "category": "Limpieza y desmaquilladores",
    "url": "https://tienda.consum.es/es/p/desmaquillante-ojos-cuidado-essencials-bif/7155609",
    "price": 2.75,
    "reference_price": 2.2,
    "iva": 21,
    "reference_unit": "100 ml",
    "date": "2023-01-17"
  },
  {
    "id": 6500,
    "name": "Tinte Nº8 Rubio Claro PALETTE",
    "description": "Tinte Nº8 Rubio Claro 1 U",
    "category": "Coloración",
    "url": "https://tienda.consum.es/es/p/tinte-n8-rubio-claro/7155666",
    "price": 4.29,
    "reference_price": 4.29,
    "iva": 21,
    "reference_unit": "1 U",
    "date": "2023-01-17"
  },
  {
    "id": 6501,
    "name": "Tinte Nº6 Rubio Oscuro PALETTE",
    "description": "Tinte Nº6 Rubio Oscuro 1 U",
    "category": "Coloración",
    "url": "https://tienda.consum.es/es/p/tinte-n6-rubio-oscuro/7155674",
    "price": 4.29,
    "reference_price": 4.29,
    "iva": 21,
    "reference_unit": "1 U",
    "date": "2023-01-17"
  },
  {
    "id": 6502,
    "name": "Tinte Nº5 Castaño Claro PALETTE",
    "description": "Tinte Nº5 Castaño Claro 1 U",
    "category": "Coloración",
    "url": "https://tienda.consum.es/es/p/tinte-n5-castano-claro/7155679",
    "price": 4.29,
    "reference_price": 4.29,
    "iva": 21,
    "reference_unit": "1 U",
    "date": "2023-01-17"
  },
  {
    "id": 6503,
    "name": "Tinte Nº3.65 Castaño Chocolate PALETTE",
    "description": "Tinte Nº3.65 Castaño Chocolate 1 U",
    "category": "Coloración",
    "url": "https://tienda.consum.es/es/p/tinte-n365-castano-chocolate/7155682",
    "price": 4.29,
    "reference_price": 4.29,
    "iva": 21,
    "reference_unit": "1 U",
    "date": "2023-01-17"
  },
  {
    "id": 6504,
    "name": "Tinte Nº 3 Castaño Oscuro PALETTE",
    "description": "Tinte Nº 3 Castaño Oscuro 1 U",
    "category": "Coloración",
    "url": "https://tienda.consum.es/es/p/tinte-n-3-castano-oscuro/7155687",
    "price": 4.29,
    "reference_price": 4.29,
    "iva": 21,
    "reference_unit": "1 U",
    "date": "2023-01-17"
  },
  {
    "id": 6505,
    "name": "Tinte Nº1 Negro PALETTE",
    "description": "Tinte Nº1 Negro 1 U",
    "category": "Coloración",
    "url": "https://tienda.consum.es/es/p/tinte-n1-negro/7155695",
    "price": 4.29,
    "reference_price": 4.29,
    "iva": 21,
    "reference_unit": "1 U",
    "date": "2023-01-17"
  },
  {
    "id": 6506,
    "name": "Tinte Nº1.1 Negro Azulado PALETTE",
    "description": "Tinte Nº1.1 Negro Azulado 1 U",
    "category": "Coloración",
    "url": "https://tienda.consum.es/es/p/tinte-n11-negro-azulado/7155703",
    "price": 4.29,
    "reference_price": 4.29,
    "iva": 21,
    "reference_unit": "1 U",
    "date": "2023-01-17"
  },
  {
    "id": 6513,
    "name": "Toallitas Lavadora Antitransferente CONSUM",
    "description": "Toallitas Lavadora Antitransferente 20 U",
    "category": "Aditivos y complementos",
    "url": "https://tienda.consum.es/es/p/toallitas-lavadora-antitransferente/7156185",
    "price": 1.95,
    "reference_price": 0.1,
    "iva": 21,
    "reference_unit": "1 U",
    "date": "2023-01-17"
  },
  {
    "id": 6515,
    "name": "Snack Dental Perros Dentastix Perros Pequeñ PEDIGREE",
    "description": "Snack Dental Perros Dentastix Perros Pequeñ 110 Gr",
    "category": "Snacks",
    "url": "https://tienda.consum.es/es/p/snack-dental-perros-dentastix-perros-pequen/7156446",
    "price": 2.19,
    "reference_price": 19.91,
    "iva": 10,
    "reference_unit": "1 Kg",
    "date": "2023-01-17"
  },
  {
    "id": 6519,
    "name": "Pinza Punta Oblicua KYREY",
    "description": "Pinza Punta Oblicua 1 U",
    "category": "Ojos",
    "url": "https://tienda.consum.es/es/p/pinza-punta-oblicua/7156631",
    "price": 2,
    "reference_price": 2,
    "iva": 21,
    "reference_unit": "1 U",
    "date": "2023-01-17"
  },
  {
    "id": 6520,
    "name": "Cepillo de Uñas KYREY",
    "description": "Cepillo de Uñas 1 U",
    "category": "Manicura y pedicura",
    "url": "https://tienda.consum.es/es/p/cepillo-de-unas/7156672",
    "price": 1.5,
    "reference_price": 1.5,
    "iva": 21,
    "reference_unit": "1 U",
    "date": "2023-01-17"
  },
  {
    "id": 6522,
    "name": "Lima Fibra de Vidrio KYREY",
    "description": "Lima Fibra de Vidrio 1 U",
    "category": "Manicura y pedicura",
    "url": "https://tienda.consum.es/es/p/lima-fibra-de-vidrio/7156685",
    "price": 0.99,
    "reference_price": 0.99,
    "iva": 21,
    "reference_unit": "1 U",
    "date": "2023-01-17"
  },
  {
    "id": 6525,
    "name": "Lima Durezas y Raspador KYREY",
    "description": "Lima Durezas y Raspador 1 U",
    "category": "Manicura y pedicura",
    "url": "https://tienda.consum.es/es/p/lima-durezas-y-raspador/7156727",
    "price": 3.55,
    "reference_price": 3.55,
    "iva": 21,
    "reference_unit": "1 U",
    "date": "2023-01-17"
  },
  {
    "id": 6526,
    "name": "Piedra Durezas Pies y Manos KYREY",
    "description": "Piedra Durezas Pies y Manos 1 U",
    "category": "Manicura y pedicura",
    "url": "https://tienda.consum.es/es/p/piedra-durezas-pies-y-manos/7156735",
    "price": 1.55,
    "reference_price": 1.55,
    "iva": 21,
    "reference_unit": "1 U",
    "date": "2023-01-17"
  },
  {
    "id": 6533,
    "name": "Chicle Grageado Sabor Eucalipto ORBIT",
    "description": "Chicle Grageado Sabor Eucalipto 14 Gr",
    "category": "Chicles, caramelos y gominolas",
    "url": "https://tienda.consum.es/es/p/chicle-grageado-sabor-eucalipto/7156982",
    "price": 1.05,
    "reference_price": 7.5,
    "iva": 10,
    "reference_unit": "100 Gr",
    "date": "2023-01-17"
  },
  {
    "id": 6535,
    "name": "Chicle Grageado Sabor Menta ORBIT",
    "description": "Chicle Grageado Sabor Menta 14 Gr",
    "category": "Chicles, caramelos y gominolas",
    "url": "https://tienda.consum.es/es/p/chicle-grageado-sabor-menta/7156990",
    "price": 1.05,
    "reference_price": 7.5,
    "iva": 10,
    "reference_unit": "100 Gr",
    "date": "2023-01-17"
  },
  {
    "id": 6537,
    "name": "Chicle Sabor Fresa Maxi Roll BOOMER",
    "description": "Chicle Sabor Fresa Maxi Roll 56 Gr",
    "category": "Chicles, caramelos y gominolas",
    "url": "https://tienda.consum.es/es/p/chicle-sabor-fresa-maxi-roll/7157014",
    "price": 2.15,
    "reference_price": 38.39,
    "iva": 10,
    "reference_unit": "1 Kg",
    "date": "2023-01-17"
  },
  {
    "id": 6541,
    "name": "Patatas al Vapor Microondas ",
    "description": "Patatas al Vapor Microondas 400 Gr",
    "category": "Verduras microondas",
    "url": "https://tienda.consum.es/es/p/patatas-al-vapor-microondas/7157654",
    "price": 1.15,
    "reference_price": 2.88,
    "iva": 0,
    "reference_unit": "1 Kg",
    "date": "2023-01-17"
  },
  {
    "id": 6542,
    "name": "Taco Barra Fresa KING REGAL",
    "description": "Taco Barra Fresa 200 Gr",
    "category": "Chicles, caramelos y gominolas",
    "url": "https://tienda.consum.es/es/p/taco-barra-fresa/7157675",
    "price": 0.95,
    "reference_price": 4.75,
    "iva": 10,
    "reference_unit": "1 Kg",
    "date": "2023-01-17"
  },
  {
    "id": 6547,
    "name": "Petit Suisse de Fresa y Plátano Pack de 6 Und. CONSUM KIDS",
    "description": "Petit Suisse de Fresa y Plátano Pack de 6 Und. 6 x 55 Gr",
    "category": "Petit e infantiles",
    "url": "https://tienda.consum.es/es/p/petit-suisse-de-fresa-y-platano-pack-de-6-und/7157832",
    "price": 1.05,
    "reference_price": 3.18,
    "iva": 0,
    "reference_unit": "1 Kg",
    "date": "2023-01-17"
  },
  {
    "id": 6548,
    "name": "Copa de Chocolate Nata Pack de 4 Unidades CONSUM",
    "description": "Copa de Chocolate Nata Pack de 4 Unidades 4 x 115 Gr",
    "category": "Copa",
    "url": "https://tienda.consum.es/es/p/copa-de-chocolate-nata-pack-de-4-unidades/7157857",
    "price": 1.4,
    "reference_price": 3.04,
    "iva": 10,
    "reference_unit": "1 Kg",
    "date": "2023-01-17"
  },
  {
    "id": 6549,
    "name": "L Casei Fresa Pack de 12 Unidades CONSUM",
    "description": "L Casei Fresa Pack de 12 Unidades 12 x 100 Gr",
    "category": "L-casei",
    "url": "https://tienda.consum.es/es/p/l-casei-fresa-pack-de-12-unidades/7157860",
    "price": 2.7,
    "reference_price": 2.25,
    "iva": 10,
    "reference_unit": "1 Kg",
    "date": "2023-01-17"
  },
  {
    "id": 6557,
    "name": "Preparado Picada Mixta Boloñesa CONSUM",
    "description": "Preparado Picada Mixta Boloñesa 250 Gr",
    "category": "Picadas y hamburguesas",
    "url": "https://tienda.consum.es/es/p/preparado-picada-mixta-bolonesa/7158488",
    "price": 2.75,
    "reference_price": 11,
    "iva": 10,
    "reference_unit": "1 Kg",
    "date": "2023-01-17"
  },
  {
    "id": 6558,
    "name": "Huevo Chocolate con Sorpresa KINDER",
    "description": "Huevo Chocolate con Sorpresa 3 U",
    "category": "Chocolatinas y bombones",
    "url": "https://tienda.consum.es/es/p/huevo-chocolate-con-sorpresa/7159411",
    "price": 3.49,
    "reference_price": 1.16,
    "iva": 10,
    "reference_unit": "1 U",
    "date": "2023-01-17"
  },
  {
    "id": 6560,
    "name": "Cera Peinado Nº4 Poder Mate NELLY",
    "description": "Cera Peinado Nº4 Poder Mate 100 ml",
    "category": "Gel y cera",
    "url": "https://tienda.consum.es/es/p/cera-peinado-n4-poder-mate/7159866",
    "price": 3.89,
    "reference_price": 3.89,
    "iva": 21,
    "reference_unit": "100 ml",
    "date": "2023-01-17"
  },
  {
    "id": 6562,
    "name": "Pañuelos de Bolsillo Alivia FOXY",
    "description": "Pañuelos de Bolsillo Alivia 12 U",
    "category": "Pañuelos y tissues",
    "url": "https://tienda.consum.es/es/p/panuelos-de-bolsillo-alivia/7159879",
    "price": 2.65,
    "reference_price": 0.22,
    "iva": 21,
    "reference_unit": "1 U",
    "date": "2023-01-17"
  },
  {
    "id": 6567,
    "name": "Leche Sin Lactosa Semidesnatada CONSUM",
    "description": "Leche Sin Lactosa Semidesnatada 1 L",
    "category": "Semidesnatada",
    "url": "https://tienda.consum.es/es/p/leche-sin-lactosa-semidesnatada/7161685",
    "price": 0.98,
    "reference_price": 0.98,
    "iva": 0,
    "reference_unit": "1 L",
    "date": "2023-01-17"
  },
  {
    "id": 6568,
    "name": "Chocolate con Oreo MILKA",
    "description": "Chocolate con Oreo 100 Gr",
    "category": "Tabletas",
    "url": "https://tienda.consum.es/es/p/chocolate-con-oreo/7161904",
    "price": 1.3,
    "reference_price": 13,
    "iva": 10,
    "reference_unit": "1 Kg",
    "date": "2023-01-17"
  },
  {
    "id": 6571,
    "name": "Chicle Fresa en Bolsa TRIDENT",
    "description": "Chicle Fresa en Bolsa 44 Gr",
    "category": "Chicles, caramelos y gominolas",
    "url": "https://tienda.consum.es/es/p/chicle-fresa-en-bolsa/7162100",
    "price": 1.35,
    "reference_price": 3.07,
    "iva": 10,
    "reference_unit": "100 Gr",
    "date": "2023-01-17"
  },
  {
    "id": 6572,
    "name": "Chicle Menta en Bolsa TRIDENT",
    "description": "Chicle Menta en Bolsa 44 Gr",
    "category": "Chicles, caramelos y gominolas",
    "url": "https://tienda.consum.es/es/p/chicle-menta-en-bolsa/7162118",
    "price": 1.35,
    "reference_price": 3.07,
    "iva": 10,
    "reference_unit": "100 Gr",
    "date": "2023-01-17"
  },
  {
    "id": 6573,
    "name": "Bizcocho Soletilla LA FILO",
    "description": "Bizcocho Soletilla 300 Gr",
    "category": "Bollería industrial",
    "url": "https://tienda.consum.es/es/p/bizcocho-soletilla/7162238",
    "price": 1.79,
    "reference_price": 5.97,
    "iva": 10,
    "reference_unit": "1 Kg",
    "date": "2023-01-17"
  },
  {
    "id": 6587,
    "name": "Body Milk Aloe Vera KYREY",
    "description": "Body Milk Aloe Vera 400 ml",
    "category": "Body-lociones",
    "url": "https://tienda.consum.es/es/p/body-milk-aloe-vera/7163314",
    "price": 1.1,
    "reference_price": 0.28,
    "iva": 21,
    "reference_unit": "100 ml",
    "date": "2023-01-17"
  },
  {
    "id": 6588,
    "name": "Body Milk Pieles Atópicas KYREY",
    "description": "Body Milk Pieles Atópicas 400 ml",
    "category": "Body-lociones",
    "url": "https://tienda.consum.es/es/p/body-milk-pieles-atopicas/7163327",
    "price": 2.2,
    "reference_price": 0.55,
    "iva": 21,
    "reference_unit": "100 ml",
    "date": "2023-01-17"
  },
  {
    "id": 6589,
    "name": "Aceite Hidratante Aloe Calmante KYREY",
    "description": "Aceite Hidratante Aloe Calmante 400 ml",
    "category": "Body-lociones",
    "url": "https://tienda.consum.es/es/p/aceite-hidratante-aloe-calmante/7163330",
    "price": 1.7,
    "reference_price": 0.43,
    "iva": 21,
    "reference_unit": "100 ml",
    "date": "2023-01-17"
  },
  {
    "id": 6590,
    "name": "Crema Corporal Nutritiva Aceite de Oliva KYREY",
    "description": "Crema Corporal Nutritiva Aceite de Oliva 200 ml",
    "category": "Body-lociones",
    "url": "https://tienda.consum.es/es/p/crema-corporal-nutritiva-aceite-de-oliva/7163343",
    "price": 1.4,
    "reference_price": 0.7,
    "iva": 21,
    "reference_unit": "100 ml",
    "date": "2023-01-17"
  },
  {
    "id": 6595,
    "name": "Desmaquillante Con Aloe Ojos y Labios KYREY",
    "description": "Desmaquillante Con Aloe Ojos y Labios 100 ml",
    "category": "Limpieza y desmaquilladores",
    "url": "https://tienda.consum.es/es/p/desmaquillante-con-aloe-ojos-y-labios/7163405",
    "price": 2.15,
    "reference_price": 2.15,
    "iva": 21,
    "reference_unit": "100 ml",
    "date": "2023-01-17"
  },
  {
    "id": 6596,
    "name": "Leche Limpiadora con Aloe KYREY",
    "description": "Leche Limpiadora con Aloe 200 ml",
    "category": "Limpieza y desmaquilladores",
    "url": "https://tienda.consum.es/es/p/leche-limpiadora-con-aloe/7163413",
    "price": 1,
    "reference_price": 0.5,
    "iva": 21,
    "reference_unit": "100 ml",
    "date": "2023-01-17"
  },
  {
    "id": 6597,
    "name": "Tónico Facial con Áloe KYREY",
    "description": "Tónico Facial con Áloe 200 ml",
    "category": "Limpieza y desmaquilladores",
    "url": "https://tienda.consum.es/es/p/tonico-facial-con-aloe/7163418",
    "price": 1,
    "reference_price": 0.5,
    "iva": 21,
    "reference_unit": "100 ml",
    "date": "2023-01-17"
  },
  {
    "id": 6607,
    "name": "Café Expresso Bonka Cápsulas DOLCE GUSTO",
    "description": "Café Expresso Bonka Cápsulas 16 U",
    "category": "Café en cápsulas",
    "url": "https://tienda.consum.es/es/p/cafe-expresso-bonka-capsulas/7163553",
    "price": 4.89,
    "reference_price": 0.31,
    "iva": 10,
    "reference_unit": "1 U",
    "date": "2023-01-17"
  },
  {
    "id": 6610,
    "name": "Chocolate Extrafino Dulce de Leche NESTLE",
    "description": "Chocolate Extrafino Dulce de Leche 120 Gr",
    "category": "Tabletas",
    "url": "https://tienda.consum.es/es/p/chocolate-extrafino-dulce-de-leche/7163566",
    "price": 1.35,
    "reference_price": 11.25,
    "iva": 10,
    "reference_unit": "1 Kg",
    "date": "2023-01-17"
  },
  {
    "id": 6612,
    "name": "Vino Tinto Barrica D.O.Cariñena MONAST.VIÑAS",
    "description": "Vino Tinto Barrica D.O.Cariñena 0,75 L",
    "category": "Vinos d.o",
    "url": "https://tienda.consum.es/es/p/vino-tinto-barrica-docarinena/7163822",
    "price": 2.99,
    "reference_price": 3.99,
    "iva": 21,
    "reference_unit": "1 L",
    "date": "2023-01-17"
  },
  {
    "id": 6613,
    "name": "Trufas al Cacao LACASA",
    "description": "Trufas al Cacao 200 Gr",
    "category": "Chocolatinas y bombones",
    "url": "https://tienda.consum.es/es/p/trufas-al-cacao/7163868",
    "price": 2.59,
    "reference_price": 12.95,
    "iva": 10,
    "reference_unit": "1 Kg",
    "date": "2023-01-17"
  },
  {
    "id": 6614,
    "name": "Cava Brut Nature D.O.Cava DOMN.DUQUES",
    "description": "Cava Brut Nature D.O.Cava 0,75 L",
    "category": "Cavas y sidras",
    "url": "https://tienda.consum.es/es/p/cava-brut-nature-docava/7163871",
    "price": 2.75,
    "reference_price": 3.67,
    "iva": 21,
    "reference_unit": "1 L",
    "date": "2023-01-17"
  },
  {
    "id": 6615,
    "name": "Quitamanchas Tinte NELLY",
    "description": "Quitamanchas Tinte 100 ml",
    "category": "Coloración",
    "url": "https://tienda.consum.es/es/p/quitamanchas-tinte/7163913",
    "price": 2.85,
    "reference_price": 2.85,
    "iva": 21,
    "reference_unit": "100 ml",
    "date": "2023-01-17"
  },
  {
    "id": 6633,
    "name": "Paletina Tinte PONETTE",
    "description": "Paletina Tinte 1 U",
    "category": "Coloración",
    "url": "https://tienda.consum.es/es/p/paletina-tinte/7164122",
    "price": 1.25,
    "reference_price": 1.25,
    "iva": 21,
    "reference_unit": "1 U",
    "date": "2023-01-17"
  },
  {
    "id": 6636,
    "name": "Vino Tinto Botellín D.O.Rioja FAUSTINO VII",
    "description": "Vino Tinto Botellín D.O.Rioja 187 ml",
    "category": "Vinos d.o",
    "url": "https://tienda.consum.es/es/p/vino-tinto-botellin-dorioja/7164171",
    "price": 1.69,
    "reference_price": 9.04,
    "iva": 21,
    "reference_unit": "1 L",
    "date": "2023-01-17"
  },
  {
    "id": 6639,
    "name": "Nuez Cascara Bolsa CONSUM",
    "description": "Nuez Cascara Bolsa 600 Gr",
    "category": "Nueces",
    "url": "https://tienda.consum.es/es/p/nuez-cascara-bolsa/7164510",
    "price": 3.46,
    "reference_price": 5.77,
    "iva": 0,
    "reference_unit": "1 Kg",
    "date": "2023-01-17"
  },
  {
    "id": 6641,
    "name": "Mermelada Fresa de Temporada HERO",
    "description": "Mermelada Fresa de Temporada 350 Gr",
    "category": "Mermeladas y confituras",
    "url": "https://tienda.consum.es/es/p/mermelada-fresa-de-temporada/7164585",
    "price": 2.19,
    "reference_price": 6.26,
    "iva": 10,
    "reference_unit": "1 Kg",
    "date": "2023-01-17"
  },
  {
    "id": 6644,
    "name": "Leche Semidesnatada Ecólogica, Brik PULEVA",
    "description": "Leche Semidesnatada Ecólogica, Brik 1 L",
    "category": "Leches especiales",
    "url": "https://tienda.consum.es/es/p/leche-semidesnatada-ecologica-brik/7164643",
    "price": 1.53,
    "reference_price": 1.53,
    "iva": 0,
    "reference_unit": "1 L",
    "date": "2023-01-17"
  },
  {
    "id": 6646,
    "name": "Tallarines al Wok TA-TUNG",
    "description": "Tallarines al Wok 300 Gr",
    "category": "Asiático",
    "url": "https://tienda.consum.es/es/p/tallarines-al-wok/7164739",
    "price": 2.49,
    "reference_price": 8.3,
    "iva": 10,
    "reference_unit": "1 Kg",
    "date": "2023-01-17"
  },
  {
    "id": 6648,
    "name": "Bebida de Soja sabor Vainilla CONSUM",
    "description": "Bebida de Soja sabor Vainilla 1 L",
    "category": "Batidos y cafés",
    "url": "https://tienda.consum.es/es/p/bebida-de-soja-sabor-vainilla/7164767",
    "price": 1.09,
    "reference_price": 1.09,
    "iva": 10,
    "reference_unit": "1 L",
    "date": "2023-01-17"
  },
  {
    "id": 6649,
    "name": "Bebida de Soja con Chocolate CONSUM",
    "description": "Bebida de Soja con Chocolate 1 L",
    "category": "Batidos y cafés",
    "url": "https://tienda.consum.es/es/p/bebida-de-soja-con-chocolate/7164770",
    "price": 1.09,
    "reference_price": 1.09,
    "iva": 10,
    "reference_unit": "1 L",
    "date": "2023-01-17"
  },
  {
    "id": 6650,
    "name": "Bolsas Basura Autocierre Lila Perfumada 30 Litros CONSUM",
    "description": "Bolsas Basura Autocierre Lila Perfumada 30 Litros 20 U",
    "category": "Bolsas y sacos de basura",
    "url": "https://tienda.consum.es/es/p/bolsas-basura-autocierre-lila-perfumada-30-litros/7164775",
    "price": 1.8,
    "reference_price": 0.09,
    "iva": 21,
    "reference_unit": "1 U",
    "date": "2023-01-17"
  },
  {
    "id": 6652,
    "name": "Bolsa Basura Autocierre Blanca de 50 Litros CONSUM",
    "description": "Bolsa Basura Autocierre Blanca de 50 Litros 15 U",
    "category": "Bolsas y sacos de basura",
    "url": "https://tienda.consum.es/es/p/bolsa-basura-autocierre-blanca-de-50-litros/7164791",
    "price": 1.65,
    "reference_price": 0.11,
    "iva": 21,
    "reference_unit": "1 U",
    "date": "2023-01-17"
  },
  {
    "id": 6653,
    "name": "Bolsas Basura Autocierre Gris de 30 Litros CONSUM",
    "description": "Bolsas Basura Autocierre Gris de 30 Litros 40 U",
    "category": "Bolsas y sacos de basura",
    "url": "https://tienda.consum.es/es/p/bolsas-basura-autocierre-gris-de-30-litros/7164804",
    "price": 1.75,
    "reference_price": 0.04,
    "iva": 21,
    "reference_unit": "1 U",
    "date": "2023-01-17"
  },
  {
    "id": 6654,
    "name": "Bolsa Basura Autocierre Especi.Baños Blanca 10L CONSUM",
    "description": "Bolsa Basura Autocierre Especi.Baños Blanca 10L 40 U",
    "category": "Bolsas y sacos de basura",
    "url": "https://tienda.consum.es/es/p/bolsa-basura-autocierre-especibanos-blanca-10l/7164809",
    "price": 1.35,
    "reference_price": 0.03,
    "iva": 21,
    "reference_unit": "1 U",
    "date": "2023-01-17"
  },
  {
    "id": 6655,
    "name": "Bolsa Basura Autocierre Gris de 100 Litros CONSUM",
    "description": "Bolsa Basura Autocierre Gris de 100 Litros 10 U",
    "category": "Bolsas y sacos de basura",
    "url": "https://tienda.consum.es/es/p/bolsa-basura-autocierre-gris-de-100-litros/7164812",
    "price": 1.89,
    "reference_price": 0.19,
    "iva": 21,
    "reference_unit": "1 U",
    "date": "2023-01-17"
  },
  {
    "id": 6666,
    "name": "Flan de Huevo Equilibrio Desnatado Pack de 4 U. REINA",
    "description": "Flan de Huevo Equilibrio Desnatado Pack de 4 U. 4 x 100 Gr",
    "category": "Flanes",
    "url": "https://tienda.consum.es/es/p/flan-de-huevo-equilibrio-desnatado-pack-de-4-u/7166312",
    "price": 2.19,
    "reference_price": 5.48,
    "iva": 10,
    "reference_unit": "1 Kg",
    "date": "2023-01-17"
  },
  {
    "id": 6668,
    "name": "Perfeccionador Prodigioso P.Media GARNIER",
    "description": "Perfeccionador Prodigioso P.Media 50 ml",
    "category": "Hidratación",
    "url": "https://tienda.consum.es/es/p/perfeccionador-prodigioso-pmedia/7166341",
    "price": 8.5,
    "reference_price": 17,
    "iva": 21,
    "reference_unit": "100 ml",
    "date": "2023-01-17"
  },
  {
    "id": 6669,
    "name": "Delicias Aguinaga congeladas Pack de 2 Unidades CONSUM",
    "description": "Delicias Aguinaga congeladas Pack de 2 Unidades 2 x 100 Gr",
    "category": "Palitos de surimi y gulas",
    "url": "https://tienda.consum.es/es/p/delicias-aguinaga-congeladas-pack-de-2-unidades/7166486",
    "price": 1.99,
    "reference_price": 9.95,
    "iva": 10,
    "reference_unit": "1 Kg",
    "date": "2023-01-17"
  },
  {
    "id": 6670,
    "name": "Ambientador Varitas Frutos Rojos AMBIENTAIR",
    "description": "Ambientador Varitas Frutos Rojos 1 U",
    "category": "Continuos y decorativos",
    "url": "https://tienda.consum.es/es/p/ambientador-varitas-frutos-rojos/7166754",
    "price": 3.25,
    "reference_price": 3.25,
    "iva": 21,
    "reference_unit": "1 U",
    "date": "2023-01-17"
  },
  {
    "id": 6672,
    "name": "Higiénico Doble Capa CONSUM",
    "description": "Higiénico Doble Capa 6 U",
    "category": "Papel higiénico",
    "url": "https://tienda.consum.es/es/p/higienico-doble-capa/7166887",
    "price": 1.89,
    "reference_price": 0.32,
    "iva": 21,
    "reference_unit": "1 U",
    "date": "2023-01-17"
  },
  {
    "id": 6673,
    "name": "Comida Húmeda Gatos Mousse Gourmet Gold GOURMET",
    "description": "Comida Húmeda Gatos Mousse Gourmet Gold 8 x 85 Gr",
    "category": "Húmedo",
    "url": "https://tienda.consum.es/es/p/comida-humeda-gatos-mousse-gourmet-gold/7167005",
    "price": 5.39,
    "reference_price": 7.93,
    "iva": 10,
    "reference_unit": "1 Kg",
    "date": "2023-01-17"
  },
  {
    "id": 6674,
    "name": "Postre Gelificado Sabor Fresa Pack de 6 U CONSUM",
    "description": "Postre Gelificado Sabor Fresa Pack de 6 U 6 x 100 Gr",
    "category": "Gelatina",
    "url": "https://tienda.consum.es/es/p/postre-gelificado-sabor-fresa-pack-de-6-u/7167062",
    "price": 1.05,
    "reference_price": 1.75,
    "iva": 10,
    "reference_unit": "1 Kg",
    "date": "2023-01-17"
  },
  {
    "id": 6675,
    "name": "Patatas Prefritas al Horno congeladas CONSUM",
    "description": "Patatas Prefritas al Horno congeladas 1 Kg",
    "category": "Patatas",
    "url": "https://tienda.consum.es/es/p/patatas-prefritas-al-horno-congeladas/7167070",
    "price": 1.91,
    "reference_price": 1.91,
    "iva": 0,
    "reference_unit": "1 Kg",
    "date": "2023-01-17"
  },
  {
    "id": 6676,
    "name": "Tarrina Dulce de Leche 900 Ml CONSUM",
    "description": "Tarrina Dulce de Leche 900 Ml 480 Gr",
    "category": "Tarrinas",
    "url": "https://tienda.consum.es/es/p/tarrina-dulce-de-leche-900-ml/7167463",
    "price": 3.59,
    "reference_price": 7.48,
    "iva": 10,
    "reference_unit": "1 Kg",
    "date": "2023-01-17"
  },
  {
    "id": 6678,
    "name": "Arcos Dentales KYREY",
    "description": "Arcos Dentales 30 U",
    "category": "Dentífricos",
    "url": "https://tienda.consum.es/es/p/arcos-dentales/7167612",
    "price": 0.95,
    "reference_price": 0.03,
    "iva": 21,
    "reference_unit": "1 U",
    "date": "2023-01-17"
  },
  {
    "id": 6679,
    "name": "Altramuces Tarro SALADITOS",
    "description": "Altramuces Tarro 380 Gr",
    "category": "Resto de encurtidos",
    "url": "https://tienda.consum.es/es/p/altramuces-tarro/7167794",
    "price": 1.49,
    "reference_price": 3.92,
    "iva": 10,
    "reference_unit": "1 Kg",
    "date": "2023-01-17"
  },
  {
    "id": 6680,
    "name": "Infusión Tomillo 20 bolsitas POMPADOUR",
    "description": "Infusión Tomillo 20 bolsitas 20 U",
    "category": "Otras infusiones",
    "url": "https://tienda.consum.es/es/p/infusion-tomillo-20-bolsitas/7167844",
    "price": 2.5,
    "reference_price": 0.13,
    "iva": 10,
    "reference_unit": "1 U",
    "date": "2023-01-17"
  },
  {
    "id": 6683,
    "name": "Pizza Barbacoa al Horno de Piedra CONSUM",
    "description": "Pizza Barbacoa al Horno de Piedra 400 Gr",
    "category": "Pizza refrigerada",
    "url": "https://tienda.consum.es/es/p/pizza-barbacoa-al-horno-de-piedra/7168011",
    "price": 2.5,
    "reference_price": 6.25,
    "iva": 10,
    "reference_unit": "1 Kg",
    "date": "2023-01-17"
  },
  {
    "id": 6684,
    "name": "Pizza Romana CONSUM",
    "description": "Pizza Romana 400 Gr",
    "category": "Pizza refrigerada",
    "url": "https://tienda.consum.es/es/p/pizza-romana/7168016",
    "price": 2.9,
    "reference_price": 7.25,
    "iva": 10,
    "reference_unit": "1 Kg",
    "date": "2023-01-17"
  },
  {
    "id": 6688,
    "name": "Patatas Fritas Lisas Bolsa CONSUM",
    "description": "Patatas Fritas Lisas Bolsa 210 Gr",
    "category": "Patatas fritas",
    "url": "https://tienda.consum.es/es/p/patatas-fritas-lisas-bolsa/7168433",
    "price": 1.39,
    "reference_price": 6.62,
    "iva": 10,
    "reference_unit": "1 Kg",
    "date": "2023-01-17"
  },
  {
    "id": 6692,
    "name": "Patatas Original PRINGLES",
    "description": "Patatas Original 165 Gr",
    "category": "Patatas fritas",
    "url": "https://tienda.consum.es/es/p/patatas-original/7168649",
    "price": 2.39,
    "reference_price": 14.48,
    "iva": 10,
    "reference_unit": "1 Kg",
    "date": "2023-01-17"
  },
  {
    "id": 6693,
    "name": "Patatas Sour Cream PRINGLES",
    "description": "Patatas Sour Cream 165 Gr",
    "category": "Patatas fritas",
    "url": "https://tienda.consum.es/es/p/patatas-sour-cream/7168651",
    "price": 2.39,
    "reference_price": 14.48,
    "iva": 10,
    "reference_unit": "1 Kg",
    "date": "2023-01-17"
  },
  {
    "id": 6696,
    "name": "Vino Tinto Joven D.O.Utiel-Requena M.VERDELLANO",
    "description": "Vino Tinto Joven D.O.Utiel-Requena 0,75 L",
    "category": "Vinos d.o",
    "url": "https://tienda.consum.es/es/p/vino-tinto-joven-doutiel-requena/7168680",
    "price": 1.29,
    "reference_price": 1.72,
    "iva": 21,
    "reference_unit": "1 L",
    "date": "2023-01-17"
  },
  {
    "id": 6700,
    "name": "Patatas Fritas Onduladas Bolsa CONSUM",
    "description": "Patatas Fritas Onduladas Bolsa 210 Gr",
    "category": "Patatas fritas",
    "url": "https://tienda.consum.es/es/p/patatas-fritas-onduladas-bolsa/7168974",
    "price": 1.25,
    "reference_price": 5.95,
    "iva": 10,
    "reference_unit": "1 Kg",
    "date": "2023-01-17"
  },
  {
    "id": 6701,
    "name": "Refresco Cola Cero Botella CONSUM",
    "description": "Refresco Cola Cero Botella 2 L",
    "category": "Cola",
    "url": "https://tienda.consum.es/es/p/refresco-cola-cero-botella/7169006",
    "price": 0.7,
    "reference_price": 0.35,
    "iva": 21,
    "reference_unit": "1 L",
    "date": "2023-01-17"
  },
  {
    "id": 6702,
    "name": "Almendras con Piel Tostadas Sal Bolsa CONSUM",
    "description": "Almendras con Piel Tostadas Sal Bolsa 200 Gr",
    "category": "Almendras",
    "url": "https://tienda.consum.es/es/p/almendras-con-piel-tostadas-sal-bolsa/7169084",
    "price": 3.05,
    "reference_price": 15.25,
    "iva": 10,
    "reference_unit": "1 Kg",
    "date": "2023-01-17"
  },
  {
    "id": 6704,
    "name": "Tortitas Sabor Yogur Paquete BICENTURY",
    "description": "Tortitas Sabor Yogur Paquete 130,4 Gr",
    "category": "Tortitas",
    "url": "https://tienda.consum.es/es/p/tortitas-sabor-yogur-paquete/7169626",
    "price": 1.99,
    "reference_price": 15.26,
    "iva": 10,
    "reference_unit": "1 Kg",
    "date": "2023-01-17"
  },
  {
    "id": 6705,
    "name": "Pizza congelada Tradizionale Speciale DR.OETKER",
    "description": "Pizza congelada Tradizionale Speciale 385 Gr",
    "category": "Pizza congelada",
    "url": "https://tienda.consum.es/es/p/pizza-congelada-tradizionale-speciale/7169662",
    "price": 4.65,
    "reference_price": 12.08,
    "iva": 10,
    "reference_unit": "1 Kg",
    "date": "2023-01-17"
  },
  {
    "id": 6707,
    "name": "Leche Entera Sin Lactosa PASCUAL",
    "description": "Leche Entera Sin Lactosa 1 L",
    "category": "Entera",
    "url": "https://tienda.consum.es/es/p/leche-entera-sin-lactosa/7169688",
    "price": 1.43,
    "reference_price": 1.43,
    "iva": 0,
    "reference_unit": "1 L",
    "date": "2023-01-17"
  },
  {
    "id": 6709,
    "name": "Toallita Higiene Corporal Adulto SALUSTAR",
    "description": "Toallita Higiene Corporal Adulto 60 U",
    "category": "Aseo íntimo",
    "url": "https://tienda.consum.es/es/p/toallita-higiene-corporal-adulto/7169811",
    "price": 3.95,
    "reference_price": 0.07,
    "iva": 21,
    "reference_unit": "1 U",
    "date": "2023-01-17"
  },
  {
    "id": 6712,
    "name": "Gel Dark Temptation AXE",
    "description": "Gel Dark Temptation 400 ml",
    "category": "Gel de baño",
    "url": "https://tienda.consum.es/es/p/gel-dark-temptation/7169852",
    "price": 3.25,
    "reference_price": 0.81,
    "iva": 21,
    "reference_unit": "100 ml",
    "date": "2023-01-17"
  },
  {
    "id": 6713,
    "name": "Caramelo Menta sin Azúcar Pack 2 + 1 SMINT",
    "description": "Caramelo Menta sin Azúcar Pack 2 + 1 24 Gr",
    "category": "Chicles, caramelos y gominolas",
    "url": "https://tienda.consum.es/es/p/caramelo-menta-sin-azucar-pack-2-1/7169865",
    "price": 3.25,
    "reference_price": 13.54,
    "iva": 10,
    "reference_unit": "100 Gr",
    "date": "2023-01-17"
  },
  {
    "id": 6715,
    "name": "Agua Mineral con Gas Botella CONSUM",
    "description": "Agua Mineral con Gas Botella 1,5 L",
    "category": "Agua con gas",
    "url": "https://tienda.consum.es/es/p/agua-mineral-con-gas-botella/7169993",
    "price": 0.38,
    "reference_price": 0.25,
    "iva": 10,
    "reference_unit": "1 L",
    "date": "2023-01-17"
  },
  {
    "id": 6716,
    "name": "Agua Mineral con Gas Botella CONSUM",
    "description": "Agua Mineral con Gas Botella 0,5 L",
    "category": "Agua con gas",
    "url": "https://tienda.consum.es/es/p/agua-mineral-con-gas-botella/7169998",
    "price": 0.25,
    "reference_price": 0.5,
    "iva": 10,
    "reference_unit": "1 L",
    "date": "2023-01-17"
  },
  {
    "id": 6717,
    "name": "Tomate Frito Brik Pack de 3 CONSUM",
    "description": "Tomate Frito Brik Pack de 3 3 x 200 Gr",
    "category": "Tomate",
    "url": "https://tienda.consum.es/es/p/tomate-frito-brik-pack-de-3/7170012",
    "price": 1.1,
    "reference_price": 1.83,
    "iva": 10,
    "reference_unit": "1 Kg",
    "date": "2023-01-17"
  },
  {
    "id": 6718,
    "name": "Tomate Frito Aceite Oliva Brik Pack de 3 CONSUM",
    "description": "Tomate Frito Aceite Oliva Brik Pack de 3 3 x 200 Gr",
    "category": "Tomate",
    "url": "https://tienda.consum.es/es/p/tomate-frito-aceite-oliva-brik-pack-de-3/7170017",
    "price": 1.15,
    "reference_price": 1.92,
    "iva": 10,
    "reference_unit": "1 Kg",
    "date": "2023-01-17"
  },
  {
    "id": 6719,
    "name": "Cacahuete Collaret Bolsa ",
    "description": "Cacahuete Collaret Bolsa 500 Gr",
    "category": "Cacahuetes",
    "url": "https://tienda.consum.es/es/p/cacahuete-collaret-bolsa/7170025",
    "price": 3.49,
    "reference_price": 6.98,
    "iva": 10,
    "reference_unit": "1 Kg",
    "date": "2023-01-17"
  },
  {
    "id": 6721,
    "name": "Estropajo Vitroceramicas Superficies Delicadas CONSUM",
    "description": "Estropajo Vitroceramicas Superficies Delicadas 3 U",
    "category": "Estropajos",
    "url": "https://tienda.consum.es/es/p/estropajo-vitroceramicas-superficies-delicadas/7170418",
    "price": 0.85,
    "reference_price": 0.28,
    "iva": 21,
    "reference_unit": "1 U",
    "date": "2023-01-17"
  },
  {
    "id": 6722,
    "name": "Estropajos Salvauñas CONSUM",
    "description": "Estropajos Salvauñas 3 U",
    "category": "Estropajos",
    "url": "https://tienda.consum.es/es/p/estropajos-salvaunas/7170426",
    "price": 0.85,
    "reference_price": 0.28,
    "iva": 21,
    "reference_unit": "1 U",
    "date": "2023-01-17"
  },
  {
    "id": 6724,
    "name": "Queso Rallado Parmigiano Reggiano FERRARINI",
    "description": "Queso Rallado Parmigiano Reggiano 60 Gr",
    "category": "Quesos Rallados",
    "url": "https://tienda.consum.es/es/p/queso-rallado-parmigiano-reggiano/7170442",
    "price": 1.72,
    "reference_price": 28.67,
    "iva": 0,
    "reference_unit": "1 Kg",
    "date": "2023-01-17"
  },
  {
    "id": 6725,
    "name": "Salchichas Wieners Pavo OSCAR MAYER",
    "description": "Salchichas Wieners Pavo 200 Gr",
    "category": "Salchichas",
    "url": "https://tienda.consum.es/es/p/salchichas-wieners-pavo/7170582",
    "price": 1.35,
    "reference_price": 6.75,
    "iva": 10,
    "reference_unit": "1 Kg",
    "date": "2023-01-17"
  },
  {
    "id": 6726,
    "name": "Desodorante Spray Invisible B&W Men NIVEA",
    "description": "Desodorante Spray Invisible B&W Men 200 ml",
    "category": "Spray",
    "url": "https://tienda.consum.es/es/p/desodorante-spray-invisible-bw-men/7170819",
    "price": 2.85,
    "reference_price": 1.43,
    "iva": 21,
    "reference_unit": "100 ml",
    "date": "2023-01-17"
  },
  {
    "id": 6727,
    "name": "Desodorante Roll-On Invisible B&W Men NIVEA",
    "description": "Desodorante Roll-On Invisible B&W Men 50 ml",
    "category": "Roll on",
    "url": "https://tienda.consum.es/es/p/desodorante-roll-on-invisible-bw-men/7170822",
    "price": 2.15,
    "reference_price": 4.3,
    "iva": 21,
    "reference_unit": "100 ml",
    "date": "2023-01-17"
  },
  {
    "id": 6731,
    "name": "Palitos de Surimi CONSUM",
    "description": "Palitos de Surimi 300 Gr",
    "category": "Surimis y salazones",
    "url": "https://tienda.consum.es/es/p/palitos-de-surimi/7171721",
    "price": 1.69,
    "reference_price": 5.63,
    "iva": 10,
    "reference_unit": "1 Kg",
    "date": "2023-01-17"
  },
  {
    "id": 6732,
    "name": "Cereales Rellenos Crema con Leche CONSUM KIDS",
    "description": "Cereales Rellenos Crema con Leche 375 Gr",
    "category": "Cereales",
    "url": "https://tienda.consum.es/es/p/cereales-rellenos-crema-con-leche/7171825",
    "price": 1.99,
    "reference_price": 5.31,
    "iva": 10,
    "reference_unit": "1 Kg",
    "date": "2023-01-17"
  },
  {
    "id": 6736,
    "name": "Detergente Concentrado VIKER",
    "description": "Detergente Concentrado 0,15 Kg",
    "category": "A máquina líquido",
    "url": "https://tienda.consum.es/es/p/detergente-concentrado/7171999",
    "price": 1.99,
    "reference_price": 13.27,
    "iva": 21,
    "reference_unit": "1 Kg",
    "date": "2023-01-17"
  },
  {
    "id": 6738,
    "name": "Enjuague Bucal Zero LISTERINE",
    "description": "Enjuague Bucal Zero 500 ml",
    "category": "Higiene bucal",
    "url": "https://tienda.consum.es/es/p/enjuague-bucal-zero/7172125",
    "price": 5.35,
    "reference_price": 1.07,
    "iva": 21,
    "reference_unit": "100 ml",
    "date": "2023-01-17"
  },
  {
    "id": 6739,
    "name": "Crema Manos Oliva Hidratacion Duradera NIVEA",
    "description": "Crema Manos Oliva Hidratacion Duradera 100 ml",
    "category": "Cuidado manos y pies",
    "url": "https://tienda.consum.es/es/p/crema-manos-oliva-hidratacion-duradera/7172166",
    "price": 1.99,
    "reference_price": 1.99,
    "iva": 21,
    "reference_unit": "100 ml",
    "date": "2023-01-17"
  },
  {
    "id": 6741,
    "name": "Agua Mineral Natural Tapón Sport BEZOYA",
    "description": "Agua Mineral Natural Tapón Sport 0,33 L",
    "category": "Agua sin gas : botella",
    "url": "https://tienda.consum.es/es/p/agua-mineral-natural-tapon-sport/7172364",
    "price": 0.5,
    "reference_price": 1.52,
    "iva": 10,
    "reference_unit": "1 L",
    "date": "2023-01-17"
  },
  {
    "id": 6742,
    "name": "Pipas G con Sal Bolsa GREFUSA",
    "description": "Pipas G con Sal Bolsa 165 Gr",
    "category": "Pipas",
    "url": "https://tienda.consum.es/es/p/pipas-g-con-sal-bolsa/7172476",
    "price": 1.55,
    "reference_price": 9.39,
    "iva": 10,
    "reference_unit": "1 Kg",
    "date": "2023-01-17"
  },
  {
    "id": 6743,
    "name": "Colgador WC Poder Activo Natura BREF",
    "description": "Colgador WC Poder Activo Natura 1 U",
    "category": "Limpieza baños",
    "url": "https://tienda.consum.es/es/p/colgador-wc-poder-activo-natura/7172518",
    "price": 1.65,
    "reference_price": 1.65,
    "iva": 21,
    "reference_unit": "1 U",
    "date": "2023-01-17"
  },
  {
    "id": 6744,
    "name": "Dentífrico Dientes Sensibles KYREY",
    "description": "Dentífrico Dientes Sensibles 75 ml",
    "category": "Dentífricos",
    "url": "https://tienda.consum.es/es/p/dentifrico-dientes-sensibles/7172740",
    "price": 1.25,
    "reference_price": 1.67,
    "iva": 21,
    "reference_unit": "100 ml",
    "date": "2023-01-17"
  },
  {
    "id": 6745,
    "name": "Gel Intimo CHILLY",
    "description": "Gel Intimo 250 ml",
    "category": "Aseo íntimo",
    "url": "https://tienda.consum.es/es/p/gel-intimo/7172757",
    "price": 4.15,
    "reference_price": 1.66,
    "iva": 21,
    "reference_unit": "100 ml",
    "date": "2023-01-17"
  },
  {
    "id": 6746,
    "name": "Toallita Intima Verde CHILLY",
    "description": "Toallita Intima Verde 12 U",
    "category": "Aseo íntimo",
    "url": "https://tienda.consum.es/es/p/toallita-intima-verde/7172773",
    "price": 2.59,
    "reference_price": 0.22,
    "iva": 21,
    "reference_unit": "1 U",
    "date": "2023-01-17"
  },
  {
    "id": 6747,
    "name": "Levadura en Polvo CONSUM",
    "description": "Levadura en Polvo 90 Gr",
    "category": "Harinas y levaduras",
    "url": "https://tienda.consum.es/es/p/levadura-en-polvo/7172927",
    "price": 0.7,
    "reference_price": 7.78,
    "iva": 10,
    "reference_unit": "1 Kg",
    "date": "2023-01-17"
  },
  {
    "id": 6749,
    "name": "Café Soluble Descafeinado Sticks CONSUM",
    "description": "Café Soluble Descafeinado Sticks 10 U",
    "category": "Café Soluble ",
    "url": "https://tienda.consum.es/es/p/cafe-soluble-descafeinado-sticks/7172989",
    "price": 1,
    "reference_price": 0.1,
    "iva": 10,
    "reference_unit": "1 U",
    "date": "2023-01-17"
  },
  {
    "id": 6753,
    "name": "Queso Mozzarella Fresca CONSUM",
    "description": "Queso Mozzarella Fresca 125 Gr",
    "category": "Frescos y para ensaladas",
    "url": "https://tienda.consum.es/es/p/queso-mozzarella-fresca/7173094",
    "price": 1.01,
    "reference_price": 8.08,
    "iva": 0,
    "reference_unit": "1 Kg",
    "date": "2023-01-17"
  },
  {
    "id": 6755,
    "name": "Danonino Street Sabor Fresa Pack de 4 U DANONE",
    "description": "Danonino Street Sabor Fresa Pack de 4 U 4 x 70 Gr",
    "category": "Petit e infantiles",
    "url": "https://tienda.consum.es/es/p/danonino-street-sabor-fresa-pack-de-4-u/7173227",
    "price": 2.49,
    "reference_price": 8.89,
    "iva": 10,
    "reference_unit": "1 Kg",
    "date": "2023-01-17"
  },
  {
    "id": 6756,
    "name": "Bebida Isotónica Limón Zero Lata AQUARIUS",
    "description": "Bebida Isotónica Limón Zero Lata 0,33 L",
    "category": "Isotónicas lata",
    "url": "https://tienda.consum.es/es/p/bebida-isotonica-limon-zero-lata/7173516",
    "price": 0.73,
    "reference_price": 2.21,
    "iva": 21,
    "reference_unit": "1 L",
    "date": "2023-01-17"
  },
  {
    "id": 6757,
    "name": "Chicle en Grageas Eucalipto pack de 4 ORBIT",
    "description": "Chicle en Grageas Eucalipto pack de 4 4 x 14 Gr",
    "category": "Chicles, caramelos y gominolas",
    "url": "https://tienda.consum.es/es/p/chicle-en-grageas-eucalipto-pack-de-4/7173623",
    "price": 2.39,
    "reference_price": 42.68,
    "iva": 10,
    "reference_unit": "1 Kg",
    "date": "2023-01-17"
  },
  {
    "id": 6758,
    "name": "Queso Tierno Precortado CONSUM",
    "description": "Queso Tierno Precortado 250 Gr",
    "category": "Tiernos y light",
    "url": "https://tienda.consum.es/es/p/queso-tierno-precortado/7173834",
    "price": 2.79,
    "reference_price": 11.16,
    "iva": 0,
    "reference_unit": "1 Kg",
    "date": "2023-01-17"
  },
  {
    "id": 6759,
    "name": "Queso Semicurado Precortado CONSUM",
    "description": "Queso Semicurado Precortado 250 Gr",
    "category": "Semicurados",
    "url": "https://tienda.consum.es/es/p/queso-semicurado-precortado/7173839",
    "price": 3.11,
    "reference_price": 12.44,
    "iva": 0,
    "reference_unit": "1 Kg",
    "date": "2023-01-17"
  },
  {
    "id": 6760,
    "name": "Queso Tierno Light Lonchas CONSUM",
    "description": "Queso Tierno Light Lonchas 200 Gr",
    "category": "Barra y otros nacionales",
    "url": "https://tienda.consum.es/es/p/queso-tierno-light-lonchas/7173847",
    "price": 2.07,
    "reference_price": 10.35,
    "iva": 0,
    "reference_unit": "1 Kg",
    "date": "2023-01-17"
  },
  {
    "id": 6762,
    "name": "Tabla Mixta de Quesos CONSUM",
    "description": "Tabla Mixta de Quesos 150 Gr",
    "category": "Tablas",
    "url": "https://tienda.consum.es/es/p/tabla-mixta-de-quesos/7173859",
    "price": 2.26,
    "reference_price": 15.07,
    "iva": 0,
    "reference_unit": "1 Kg",
    "date": "2023-01-17"
  },
  {
    "id": 6771,
    "name": "Agua Mineral Natural Botella CONSUM",
    "description": "Agua Mineral Natural Botella 2 L",
    "category": "Agua sin gas : botella",
    "url": "https://tienda.consum.es/es/p/agua-mineral-natural-botella/7174378",
    "price": 0.35,
    "reference_price": 0.18,
    "iva": 10,
    "reference_unit": "1 L",
    "date": "2023-01-17"
  },
  {
    "id": 6772,
    "name": "Jamón Curado 1/2 Lonchas NAVIDUL",
    "description": "Jamón Curado 1/2 Lonchas 50 Gr",
    "category": "Jamón",
    "url": "https://tienda.consum.es/es/p/jamon-curado-1/2-lonchas/7174761",
    "price": 1,
    "reference_price": 20,
    "iva": 10,
    "reference_unit": "1 Kg",
    "date": "2023-01-17"
  },
  {
    "id": 6776,
    "name": "Leche NESTLÉ JUNIOR Galleta NESTLE",
    "description": "Leche NESTLÉ JUNIOR Galleta 1 L",
    "category": "Leche crecimiento infantil",
    "url": "https://tienda.consum.es/es/p/leche-nestle-junior-galleta/7176233",
    "price": 1.75,
    "reference_price": 1.75,
    "iva": 10,
    "reference_unit": "1 L",
    "date": "2023-01-17"
  },
  {
    "id": 6791,
    "name": "Lima Bandeja ",
    "description": "Lima Bandeja 250 Gr",
    "category": "Cítricos",
    "url": "https://tienda.consum.es/es/p/lima-bandeja/7177165",
    "price": 1.53,
    "reference_price": 6.12,
    "iva": 0,
    "reference_unit": "1 Kg",
    "date": "2023-01-17"
  },
  {
    "id": 6792,
    "name": "Refresco Naranja sin Gas Zero Lata. TRINA",
    "description": "Refresco Naranja sin Gas Zero Lata. 0,33 L",
    "category": "Refrescos sin gas",
    "url": "https://tienda.consum.es/es/p/refresco-naranja-sin-gas-zero-lata/7177207",
    "price": 0.65,
    "reference_price": 1.97,
    "iva": 21,
    "reference_unit": "1 L",
    "date": "2023-01-17"
  },
  {
    "id": 6793,
    "name": "Laca Brillo Fuerte NELLY",
    "description": "Laca Brillo Fuerte 400 ml",
    "category": "Lacas",
    "url": "https://tienda.consum.es/es/p/laca-brillo-fuerte/7177236",
    "price": 3.1,
    "reference_price": 0.78,
    "iva": 21,
    "reference_unit": "100 ml",
    "date": "2023-01-17"
  },
  {
    "id": 6796,
    "name": "Caña Lomo en Lonchas NAVIDUL",
    "description": "Caña Lomo en Lonchas 40 Gr",
    "category": "Otros curados",
    "url": "https://tienda.consum.es/es/p/cana-lomo-en-lonchas/7177355",
    "price": 1,
    "reference_price": 2.5,
    "iva": 10,
    "reference_unit": "100 Gr",
    "date": "2023-01-17"
  },
  {
    "id": 6798,
    "name": "Fruta Leche Caribe Zero. Pack de 6 DON SIMON",
    "description": "Fruta Leche Caribe Zero. Pack de 6 6 x 200 ml",
    "category": "Zumos con leche",
    "url": "https://tienda.consum.es/es/p/fruta-leche-caribe-zero-pack-de-6/7177512",
    "price": 1.5,
    "reference_price": 1.25,
    "iva": 21,
    "reference_unit": "1 L",
    "date": "2023-01-17"
  },
  {
    "id": 6799,
    "name": "Rollo Multiusos 2 Capas 125 metros CONSUM",
    "description": "Rollo Multiusos 2 Capas 125 metros 1 U",
    "category": "Papel de cocina",
    "url": "https://tienda.consum.es/es/p/rollo-multiusos-2-capas-125-metros/7177660",
    "price": 3.25,
    "reference_price": 3.25,
    "iva": 21,
    "reference_unit": "1 U",
    "date": "2023-01-17"
  },
  {
    "id": 6800,
    "name": "Servilletas 2 Capas Blanca 30x30 CONSUM",
    "description": "Servilletas 2 Capas Blanca 30x30 100 U",
    "category": "Servilletas de papel",
    "url": "https://tienda.consum.es/es/p/servilletas-2-capas-blanca-30x30/7177665",
    "price": 1.5,
    "reference_price": 0.02,
    "iva": 21,
    "reference_unit": "1 U",
    "date": "2023-01-17"
  },
  {
    "id": 6802,
    "name": "Servilleta 1 Capa Blanca 30x30 200unidad. CONSUM",
    "description": "Servilleta 1 Capa Blanca 30x30 200unidad. 1 U",
    "category": "Servilletas de papel",
    "url": "https://tienda.consum.es/es/p/servilleta-1-capa-blanca-30x30-200unidad/7177681",
    "price": 1.4,
    "reference_price": 0.01,
    "iva": 21,
    "reference_unit": "1 U",
    "date": "2023-01-17"
  },
  {
    "id": 6803,
    "name": "Servilleta 1 Capa Decorada 33x33 CONSUM",
    "description": "Servilleta 1 Capa Decorada 33x33 100 U",
    "category": "Servilletas de papel",
    "url": "https://tienda.consum.es/es/p/servilleta-1-capa-decorada-33x33/7177686",
    "price": 1.69,
    "reference_price": 0.02,
    "iva": 21,
    "reference_unit": "1 U",
    "date": "2023-01-17"
  },
  {
    "id": 6804,
    "name": "Higiénico Doble Capa CONSUM",
    "description": "Higiénico Doble Capa 12 U",
    "category": "Papel higiénico",
    "url": "https://tienda.consum.es/es/p/higienico-doble-capa/7177723",
    "price": 2.79,
    "reference_price": 0.23,
    "iva": 21,
    "reference_unit": "1 U",
    "date": "2023-01-17"
  },
  {
    "id": 6805,
    "name": "Higiénico Triple Capa Perfumado CONSUM",
    "description": "Higiénico Triple Capa Perfumado 12 U",
    "category": "Papel higiénico",
    "url": "https://tienda.consum.es/es/p/higienico-triple-capa-perfumado/7177736",
    "price": 5.49,
    "reference_price": 0.46,
    "iva": 21,
    "reference_unit": "1 U",
    "date": "2023-01-17"
  },
  {
    "id": 6806,
    "name": "Pasta Fresca Rellena de Ternera con Verduras RANA",
    "description": "Pasta Fresca Rellena de Ternera con Verduras 250 Gr",
    "category": "Pasta fresca",
    "url": "https://tienda.consum.es/es/p/pasta-fresca-rellena-de-ternera-con-verduras/7178093",
    "price": 3.29,
    "reference_price": 13.16,
    "iva": 5,
    "reference_unit": "1 Kg",
    "date": "2023-01-17"
  },
  {
    "id": 6807,
    "name": "Papel Cocina Megarrollo 2 Unidades Igual a 8 CONSUM",
    "description": "Papel Cocina Megarrollo 2 Unidades Igual a 8 2 U",
    "category": "Papel de cocina",
    "url": "https://tienda.consum.es/es/p/papel-cocina-megarrollo-2-unidades-igual-a-8/7178200",
    "price": 3.99,
    "reference_price": 2,
    "iva": 21,
    "reference_unit": "1 U",
    "date": "2023-01-17"
  },
  {
    "id": 6808,
    "name": "Papel Cocina Compacto 3 Unidades Igual a 6 CONSUM",
    "description": "Papel Cocina Compacto 3 Unidades Igual a 6 3 U",
    "category": "Papel de cocina",
    "url": "https://tienda.consum.es/es/p/papel-cocina-compacto-3-unidades-igual-a-6/7178205",
    "price": 2.89,
    "reference_price": 0.96,
    "iva": 21,
    "reference_unit": "1 U",
    "date": "2023-01-17"
  },
  {
    "id": 6809,
    "name": "Papel Cocina Blanco CONSUM",
    "description": "Papel Cocina Blanco 4 U",
    "category": "Papel de cocina",
    "url": "https://tienda.consum.es/es/p/papel-cocina-blanco/7178234",
    "price": 2.39,
    "reference_price": 0.6,
    "iva": 21,
    "reference_unit": "1 U",
    "date": "2023-01-17"
  },
  {
    "id": 6811,
    "name": "Caldo Verduras Brick CONSUM",
    "description": "Caldo Verduras Brick 1 L",
    "category": "Caldos y sopas",
    "url": "https://tienda.consum.es/es/p/caldo-verduras-brick/7178341",
    "price": 1,
    "reference_price": 1,
    "iva": 10,
    "reference_unit": "1 L",
    "date": "2023-01-17"
  },
  {
    "id": 6812,
    "name": "Caldo de Pollo 12 Pastillas CONSUM",
    "description": "Caldo de Pollo 12 Pastillas 120 Gr",
    "category": "Concentrado y pastillas",
    "url": "https://tienda.consum.es/es/p/caldo-de-pollo-12-pastillas/7178705",
    "price": 0.65,
    "reference_price": 5.42,
    "iva": 10,
    "reference_unit": "1 Kg",
    "date": "2023-01-17"
  },
  {
    "id": 6813,
    "name": "Set Mopa Microfibra con Palo Extensible SPONTEX",
    "description": "Set Mopa Microfibra con Palo Extensible 1 U",
    "category": "Mopas",
    "url": "https://tienda.consum.es/es/p/set-mopa-microfibra-con-palo-extensible/7178759",
    "price": 9.99,
    "reference_price": 9.99,
    "iva": 21,
    "reference_unit": "1 U",
    "date": "2023-01-17"
  },
  {
    "id": 6817,
    "name": "Galleta Dinosaurus ARTIACH",
    "description": "Galleta Dinosaurus 329 Gr",
    "category": "Desayuno y merienda infantil",
    "url": "https://tienda.consum.es/es/p/galleta-dinosaurus/7179112",
    "price": 2.89,
    "reference_price": 8.78,
    "iva": 10,
    "reference_unit": "1 Kg",
    "date": "2023-01-17"
  },
  {
    "id": 6822,
    "name": "Berenjena Rayada ",
    "description": "Berenjena Rayada",
    "category": "Otras verduras",
    "url": "https://tienda.consum.es/es/p/berenjena-rayada/7179257",
    "price": 1.07,
    "reference_price": 2.39,
    "iva": 0,
    "reference_unit": "1 Kg",
    "date": "2023-01-17"
  },
  {
    "id": 6823,
    "name": "Tomate tipo Valenciano ",
    "description": "Tomate tipo Valenciano",
    "category": "Pepinos, tomates y pimientos",
    "url": "https://tienda.consum.es/es/p/tomate-tipo-valenciano/7179265",
    "price": 1.42,
    "reference_price": 3.55,
    "iva": 0,
    "reference_unit": "1 Kg",
    "date": "2023-01-17"
  },
  {
    "id": 6833,
    "name": "Batido de Vainilla Pack de 6 CONSUM KIDS",
    "description": "Batido de Vainilla Pack de 6 6 x 200 ml",
    "category": "Batidos y cafés",
    "url": "https://tienda.consum.es/es/p/batido-de-vainilla-pack-de-6/7179419",
    "price": 1.55,
    "reference_price": 1.29,
    "iva": 10,
    "reference_unit": "1 L",
    "date": "2023-01-17"
  },
  {
    "id": 6834,
    "name": "Batido de Fresa Pack de 6 CONSUM KIDS",
    "description": "Batido de Fresa Pack de 6 6 x 200 ml",
    "category": "Batidos y cafés",
    "url": "https://tienda.consum.es/es/p/batido-de-fresa-pack-de-6/7179422",
    "price": 1.55,
    "reference_price": 1.29,
    "iva": 10,
    "reference_unit": "1 L",
    "date": "2023-01-17"
  },
  {
    "id": 6841,
    "name": "Cereales Corn Flakes Caja KELLOGG'S",
    "description": "Cereales Corn Flakes Caja 500 Gr",
    "category": "Cereales",
    "url": "https://tienda.consum.es/es/p/cereales-corn-flakes-caja/7180016",
    "price": 2.99,
    "reference_price": 5.98,
    "iva": 10,
    "reference_unit": "1 Kg",
    "date": "2023-01-17"
  },
  {
    "id": 6843,
    "name": "Comida Húmeda Perros Senior Tarrina 150 CESAR",
    "description": "Comida Húmeda Perros Senior Tarrina 150 150 Gr",
    "category": "Húmedo",
    "url": "https://tienda.consum.es/es/p/comida-humeda-perros-senior-tarrina-150/7180206",
    "price": 1.29,
    "reference_price": 8.6,
    "iva": 10,
    "reference_unit": "1 Kg",
    "date": "2023-01-17"
  },
  {
    "id": 6844,
    "name": "Snacks Dental Perros Dentastix Perros Median FROLIC",
    "description": "Snacks Dental Perros Dentastix Perros Median 7 U",
    "category": "Snacks",
    "url": "https://tienda.consum.es/es/p/snacks-dental-perros-dentastix-perros-median/7180268",
    "price": 1.99,
    "reference_price": 0.28,
    "iva": 10,
    "reference_unit": "1 U",
    "date": "2023-01-17"
  },
  {
    "id": 6846,
    "name": "Almendras Repeladas Fritas Bolsa CONSUM",
    "description": "Almendras Repeladas Fritas Bolsa 200 Gr",
    "category": "Almendras",
    "url": "https://tienda.consum.es/es/p/almendras-repeladas-fritas-bolsa/7180391",
    "price": 3.08,
    "reference_price": 15.4,
    "iva": 10,
    "reference_unit": "1 Kg",
    "date": "2023-01-17"
  },
  {
    "id": 6847,
    "name": "Habas Fritas Bolsa CONSUM",
    "description": "Habas Fritas Bolsa 100 Gr",
    "category": "Otros frutos secos",
    "url": "https://tienda.consum.es/es/p/habas-fritas-bolsa/7180420",
    "price": 1.2,
    "reference_price": 12,
    "iva": 10,
    "reference_unit": "1 Kg",
    "date": "2023-01-17"
  },
  {
    "id": 6852,
    "name": "Lote Estropajos Multiusos Varios Colores GREEN NATURE",
    "description": "Lote Estropajos Multiusos Varios Colores 3 U",
    "category": "Estropajos",
    "url": "https://tienda.consum.es/es/p/lote-estropajos-multiusos-varios-colores/7180628",
    "price": 1.05,
    "reference_price": 0.35,
    "iva": 21,
    "reference_unit": "1 U",
    "date": "2023-01-17"
  },
  {
    "id": 6853,
    "name": "Queso Emmental Cuña CANTOREL",
    "description": "Queso Emmental Cuña 220 Gr",
    "category": "Emmental y gruyere",
    "url": "https://tienda.consum.es/es/p/queso-emmental-cuna/7180714",
    "price": 2.39,
    "reference_price": 10.86,
    "iva": 0,
    "reference_unit": "1 Kg",
    "date": "2023-01-17"
  },
  {
    "id": 6854,
    "name": "Bebida de Arroz Brik YOSOY",
    "description": "Bebida de Arroz Brik 1 L",
    "category": "Bebidas vegetales",
    "url": "https://tienda.consum.es/es/p/bebida-de-arroz-brik/7180784",
    "price": 1.65,
    "reference_price": 1.65,
    "iva": 10,
    "reference_unit": "1 L",
    "date": "2023-01-17"
  },
  {
    "id": 6856,
    "name": "Bebida de Avena Brik YOSOY",
    "description": "Bebida de Avena Brik 1 L",
    "category": "Bebidas vegetales",
    "url": "https://tienda.consum.es/es/p/bebida-de-avena-brik/7180797",
    "price": 1.65,
    "reference_price": 1.65,
    "iva": 10,
    "reference_unit": "1 L",
    "date": "2023-01-17"
  },
  {
    "id": 6857,
    "name": "Cortado Descafeinado Cápsulas DOLCE GUSTO",
    "description": "Cortado Descafeinado Cápsulas 16 U",
    "category": "Café en cápsulas",
    "url": "https://tienda.consum.es/es/p/cortado-descafeinado-capsulas/7180805",
    "price": 4.89,
    "reference_price": 0.31,
    "iva": 10,
    "reference_unit": "1 U",
    "date": "2023-01-17"
  },
  {
    "id": 6860,
    "name": "York ELPOZO",
    "description": "York 400 Gr",
    "category": "Jamón cocido - york",
    "url": "https://tienda.consum.es/es/p/york/7181175",
    "price": 2,
    "reference_price": 5,
    "iva": 10,
    "reference_unit": "1 Kg",
    "date": "2023-01-17"
  },
  {
    "id": 6862,
    "name": "Almendra Molida Bolsa CONSUM",
    "description": "Almendra Molida Bolsa 125 Gr",
    "category": "Repostería para preparar",
    "url": "https://tienda.consum.es/es/p/almendra-molida-bolsa/7181274",
    "price": 2.07,
    "reference_price": 16.56,
    "iva": 0,
    "reference_unit": "1 Kg",
    "date": "2023-01-17"
  },
  {
    "id": 6863,
    "name": "Cacao a La Taza Paquete CONSUM",
    "description": "Cacao a La Taza Paquete 400 Gr",
    "category": "Cacao soluble",
    "url": "https://tienda.consum.es/es/p/cacao-a-la-taza-paquete/7181311",
    "price": 1.7,
    "reference_price": 4.25,
    "iva": 10,
    "reference_unit": "1 Kg",
    "date": "2023-01-17"
  },
  {
    "id": 6866,
    "name": "Eliminador de Olores Pistola CONSUM",
    "description": "Eliminador de Olores Pistola 0,5 L",
    "category": "Aditivos y complementos",
    "url": "https://tienda.consum.es/es/p/eliminador-de-olores-pistola/7181444",
    "price": 1.7,
    "reference_price": 3.4,
    "iva": 21,
    "reference_unit": "1 L",
    "date": "2023-01-17"
  },
  {
    "id": 6868,
    "name": "Natillas de Vainilla con Galleta Pack de 4 U. CONSUM",
    "description": "Natillas de Vainilla con Galleta Pack de 4 U. 4 x 125 Gr",
    "category": "Natillas",
    "url": "https://tienda.consum.es/es/p/natillas-de-vainilla-con-galleta-pack-de-4-u/7181485",
    "price": 1.2,
    "reference_price": 2.4,
    "iva": 10,
    "reference_unit": "1 Kg",
    "date": "2023-01-17"
  },
  {
    "id": 6869,
    "name": "Arroz con Leche Pack de 4 Unidades CONSUM",
    "description": "Arroz con Leche Pack de 4 Unidades 4 x 125 Gr",
    "category": "Arroz con leche",
    "url": "https://tienda.consum.es/es/p/arroz-con-leche-pack-de-4-unidades/7181493",
    "price": 1.41,
    "reference_price": 2.82,
    "iva": 10,
    "reference_unit": "1 Kg",
    "date": "2023-01-17"
  },
  {
    "id": 6871,
    "name": "Leche sin Lactosa Semidesnatada Brik ASTURIANA",
    "description": "Leche sin Lactosa Semidesnatada Brik 1 L",
    "category": "Semidesnatada",
    "url": "https://tienda.consum.es/es/p/leche-sin-lactosa-semidesnatada-brik/7181720",
    "price": 1.29,
    "reference_price": 1.29,
    "iva": 0,
    "reference_unit": "1 L",
    "date": "2023-01-17"
  },
  {
    "id": 6873,
    "name": "Harina de Trigo Común Paquete RIO",
    "description": "Harina de Trigo Común Paquete 1 Kg",
    "category": "Harinas y levaduras",
    "url": "https://tienda.consum.es/es/p/harina-de-trigo-comun-paquete/7181795",
    "price": 0.72,
    "reference_price": 0.72,
    "iva": 0,
    "reference_unit": "1 Kg",
    "date": "2023-01-17"
  },
  {
    "id": 6875,
    "name": "Harina Repostera Paquete RIO",
    "description": "Harina Repostera Paquete 1 Kg",
    "category": "Harinas y levaduras",
    "url": "https://tienda.consum.es/es/p/harina-repostera-paquete/7181852",
    "price": 1.06,
    "reference_price": 1.06,
    "iva": 0,
    "reference_unit": "1 Kg",
    "date": "2023-01-17"
  },
  {
    "id": 6877,
    "name": "Champú Fresco y Puro TIMOTEI",
    "description": "Champú Fresco y Puro 400 ml",
    "category": "Champú",
    "url": "https://tienda.consum.es/es/p/champu-fresco-y-puro/7181998",
    "price": 3.15,
    "reference_price": 0.79,
    "iva": 21,
    "reference_unit": "100 ml",
    "date": "2023-01-17"
  },
  {
    "id": 6879,
    "name": "Vino Tinto Tierra de Castilla A.MERCIER",
    "description": "Vino Tinto Tierra de Castilla 0,75 L",
    "category": "Mesa",
    "url": "https://tienda.consum.es/es/p/vino-tinto-tierra-de-castilla/7182124",
    "price": 1.99,
    "reference_price": 2.65,
    "iva": 21,
    "reference_unit": "1 L",
    "date": "2023-01-17"
  },
  {
    "id": 6882,
    "name": "Guantes Látex Talla Pequeña/Mediana CONSUM",
    "description": "Guantes Látex Talla Pequeña/Mediana 50 U",
    "category": "Guantes domésticos",
    "url": "https://tienda.consum.es/es/p/guantes-latex-talla-pequena/mediana/7182582",
    "price": 3.5,
    "reference_price": 0.07,
    "iva": 21,
    "reference_unit": "1 U",
    "date": "2023-01-17"
  },
  {
    "id": 6885,
    "name": "Bizcocho Duro Huevo CORAL",
    "description": "Bizcocho Duro Huevo 300 Gr",
    "category": "Bollería industrial",
    "url": "https://tienda.consum.es/es/p/bizcocho-duro-huevo/7182819",
    "price": 1.39,
    "reference_price": 4.63,
    "iva": 10,
    "reference_unit": "1 Kg",
    "date": "2023-01-17"
  },
  {
    "id": 6888,
    "name": "Ambientador Continuo Mecha Lavanda CONSUM",
    "description": "Ambientador Continuo Mecha Lavanda 1 U",
    "category": "Continuos y decorativos",
    "url": "https://tienda.consum.es/es/p/ambientador-continuo-mecha-lavanda/7182926",
    "price": 1.2,
    "reference_price": 1.2,
    "iva": 21,
    "reference_unit": "1 U",
    "date": "2023-01-17"
  },
  {
    "id": 6889,
    "name": "Ambientador Absorbeolor Lavanda CONSUM",
    "description": "Ambientador Absorbeolor Lavanda 1 U",
    "category": "Absorbe olores y antihumedad",
    "url": "https://tienda.consum.es/es/p/ambientador-absorbeolor-lavanda/7182934",
    "price": 0.55,
    "reference_price": 0.55,
    "iva": 21,
    "reference_unit": "1 U",
    "date": "2023-01-17"
  },
  {
    "id": 6892,
    "name": "Chicles 60 Minutes Fresh Menta TRIDENT",
    "description": "Chicles 60 Minutes Fresh Menta 20 Gr",
    "category": "Chicles, caramelos y gominolas",
    "url": "https://tienda.consum.es/es/p/chicles-60-minutes-fresh-menta/7182967",
    "price": 1.15,
    "reference_price": 5.75,
    "iva": 10,
    "reference_unit": "100 Gr",
    "date": "2023-01-17"
  },
  {
    "id": 6894,
    "name": "Gel Baño Marine MAGNO",
    "description": "Gel Baño Marine 550 ml",
    "category": "Gel de baño",
    "url": "https://tienda.consum.es/es/p/gel-bano-marine/7183023",
    "price": 3.49,
    "reference_price": 0.63,
    "iva": 21,
    "reference_unit": "100 ml",
    "date": "2023-01-17"
  },
  {
    "id": 6896,
    "name": "Tinte Creme Gloss 535 Chocolat CASTING",
    "description": "Tinte Creme Gloss 535 Chocolat 1 U",
    "category": "Coloración",
    "url": "https://tienda.consum.es/es/p/tinte-creme-gloss-535-chocolat/7183239",
    "price": 6,
    "reference_price": 6,
    "iva": 21,
    "reference_unit": "1 U",
    "date": "2023-01-17"
  },
  {
    "id": 6897,
    "name": "Tinte Creme Gloss 300 Chat Fon CASTING",
    "description": "Tinte Creme Gloss 300 Chat Fon 1 U",
    "category": "Coloración",
    "url": "https://tienda.consum.es/es/p/tinte-creme-gloss-300-chat-fon/7183242",
    "price": 6,
    "reference_price": 6,
    "iva": 21,
    "reference_unit": "1 U",
    "date": "2023-01-17"
  },
  {
    "id": 6898,
    "name": "Tinte Creme Gloss 500 Chat CASTING",
    "description": "Tinte Creme Gloss 500 Chat 1 U",
    "category": "Coloración",
    "url": "https://tienda.consum.es/es/p/tinte-creme-gloss-500-chat/7183259",
    "price": 6,
    "reference_price": 6,
    "iva": 21,
    "reference_unit": "1 U",
    "date": "2023-01-17"
  },
  {
    "id": 6899,
    "name": "Tinte Creme Gloss 600 Blond CASTING",
    "description": "Tinte Creme Gloss 600 Blond 1 U",
    "category": "Coloración",
    "url": "https://tienda.consum.es/es/p/tinte-creme-gloss-600-blond/7183267",
    "price": 6,
    "reference_price": 6,
    "iva": 21,
    "reference_unit": "1 U",
    "date": "2023-01-17"
  },
  {
    "id": 6900,
    "name": "Tinte Creme Gloss 515 Moka CASTING",
    "description": "Tinte Creme Gloss 515 Moka 1 U",
    "category": "Coloración",
    "url": "https://tienda.consum.es/es/p/tinte-creme-gloss-515-moka/7183288",
    "price": 6,
    "reference_price": 6,
    "iva": 21,
    "reference_unit": "1 U",
    "date": "2023-01-17"
  },
  {
    "id": 6901,
    "name": "Tinte Creme Gloss 630 CASTING",
    "description": "Tinte Creme Gloss 630 1 U",
    "category": "Coloración",
    "url": "https://tienda.consum.es/es/p/tinte-creme-gloss-630/7183291",
    "price": 6,
    "reference_price": 6,
    "iva": 21,
    "reference_unit": "1 U",
    "date": "2023-01-17"
  },
  {
    "id": 6902,
    "name": "Pimentón de la Vera Dulce Lata MC CORMICK",
    "description": "Pimentón de la Vera Dulce Lata 70 Gr",
    "category": "Especias",
    "url": "https://tienda.consum.es/es/p/pimenton-de-la-vera-dulce-lata/7183353",
    "price": 3.39,
    "reference_price": 48.43,
    "iva": 10,
    "reference_unit": "1 Kg",
    "date": "2023-01-17"
  },
  {
    "id": 6904,
    "name": "Naranja Malla ",
    "description": "Naranja Malla 2 Kg",
    "category": "Cítricos",
    "url": "https://tienda.consum.es/es/p/naranja-malla/7183556",
    "price": 2.48,
    "reference_price": 1.24,
    "iva": 0,
    "reference_unit": "1 Kg",
    "date": "2023-01-17"
  },
  {
    "id": 6905,
    "name": "Mermelada de Higos De Temporada HERO",
    "description": "Mermelada de Higos De Temporada 350 Gr",
    "category": "Mermeladas y confituras",
    "url": "https://tienda.consum.es/es/p/mermelada-de-higos-de-temporada/7183569",
    "price": 2.19,
    "reference_price": 6.26,
    "iva": 10,
    "reference_unit": "1 Kg",
    "date": "2023-01-17"
  },
  {
    "id": 6906,
    "name": "Tomate Triturado Natural Lata ORLANDO",
    "description": "Tomate Triturado Natural Lata 400 Gr",
    "category": "Tomate",
    "url": "https://tienda.consum.es/es/p/tomate-triturado-natural-lata/7183577",
    "price": 1.59,
    "reference_price": 3.98,
    "iva": 10,
    "reference_unit": "1 Kg",
    "date": "2023-01-17"
  },
  {
    "id": 6907,
    "name": "Peques3 Preparado Lácteo Cereales y Cacao PULEVA",
    "description": "Peques3 Preparado Lácteo Cereales y Cacao 3 x 200 ml",
    "category": "Leche crecimiento infantil",
    "url": "https://tienda.consum.es/es/p/peques3-preparado-lacteo-cereales-y-cacao/7183585",
    "price": 1.85,
    "reference_price": 3.08,
    "iva": 10,
    "reference_unit": "1 L",
    "date": "2023-01-17"
  },
  {
    "id": 6909,
    "name": "Boquerones en Vinagre BRUIMAR",
    "description": "Boquerones en Vinagre 50 Gr",
    "category": "Surimis y salazones",
    "url": "https://tienda.consum.es/es/p/boquerones-en-vinagre/7183705",
    "price": 1.69,
    "reference_price": 33.8,
    "iva": 10,
    "reference_unit": "1 Kg",
    "date": "2023-01-17"
  },
  {
    "id": 6911,
    "name": "Kinder Bueno 2 Unidades Pack 3 KINDER",
    "description": "Kinder Bueno 2 Unidades Pack 3 135 Gr",
    "category": "Chocolatinas y bombones",
    "url": "https://tienda.consum.es/es/p/kinder-bueno-2-unidades-pack-3/7184398",
    "price": 2.49,
    "reference_price": 18.44,
    "iva": 10,
    "reference_unit": "1 Kg",
    "date": "2023-01-17"
  },
  {
    "id": 6915,
    "name": "Leche Evaporada Brik IDEAL",
    "description": "Leche Evaporada Brik 525 Gr",
    "category": "Evaporada",
    "url": "https://tienda.consum.es/es/p/leche-evaporada-brik/7184497",
    "price": 1.91,
    "reference_price": 3.64,
    "iva": 0,
    "reference_unit": "1 Kg",
    "date": "2023-01-17"
  },
  {
    "id": 6916,
    "name": "Mermelada Arandano Tarro HELIOS",
    "description": "Mermelada Arandano Tarro 340 Gr",
    "category": "Mermeladas y confituras",
    "url": "https://tienda.consum.es/es/p/mermelada-arandano-tarro/7184625",
    "price": 2.2,
    "reference_price": 6.47,
    "iva": 10,
    "reference_unit": "1 Kg",
    "date": "2023-01-17"
  },
  {
    "id": 6919,
    "name": "Champú en Seco GLISS",
    "description": "Champú en Seco 200 ml",
    "category": "Champú",
    "url": "https://tienda.consum.es/es/p/champu-en-seco/7184703",
    "price": 4.25,
    "reference_price": 2.13,
    "iva": 21,
    "reference_unit": "100 ml",
    "date": "2023-01-17"
  },
  {
    "id": 6920,
    "name": "Mascarilla Sin Aclarado Extra Brillo GLISS",
    "description": "Mascarilla Sin Aclarado Extra Brillo 150 ml",
    "category": "Mascarillas cabello",
    "url": "https://tienda.consum.es/es/p/mascarilla-sin-aclarado-extra-brillo/7185358",
    "price": 5.49,
    "reference_price": 3.66,
    "iva": 21,
    "reference_unit": "100 ml",
    "date": "2023-01-17"
  },
  {
    "id": 6925,
    "name": "Mini Tosta con Arandanos ORTIZ",
    "description": "Mini Tosta con Arandanos 90 Gr",
    "category": "Tostadas y minibiscotes",
    "url": "https://tienda.consum.es/es/p/mini-tosta-con-arandanos/7186547",
    "price": 1.99,
    "reference_price": 22.11,
    "iva": 10,
    "reference_unit": "1 Kg",
    "date": "2023-01-17"
  },
  {
    "id": 6927,
    "name": "Pouche Hero Nanos Plátano y Fresa HERO",
    "description": "Pouche Hero Nanos Plátano y Fresa 100 Gr",
    "category": "Alimentación infantil",
    "url": "https://tienda.consum.es/es/p/pouche-hero-nanos-platano-y-fresa/7186653",
    "price": 0.99,
    "reference_price": 9.9,
    "iva": 10,
    "reference_unit": "1 Kg",
    "date": "2023-01-17"
  },
  {
    "id": 6928,
    "name": "Pouche Hero Nanos Naranja, Platano y Galleta HERO",
    "description": "Pouche Hero Nanos Naranja, Platano y Galleta 100 Gr",
    "category": "Alimentación infantil",
    "url": "https://tienda.consum.es/es/p/pouche-hero-nanos-naranja-platano-y-galleta/7186666",
    "price": 0.99,
    "reference_price": 9.9,
    "iva": 10,
    "reference_unit": "1 Kg",
    "date": "2023-01-17"
  },
  {
    "id": 6931,
    "name": "Povidona Yodada DR.SOS",
    "description": "Povidona Yodada 125 ml",
    "category": "Alcohol, agua oxigenada y otros",
    "url": "https://tienda.consum.es/es/p/povidona-yodada/7186815",
    "price": 1.6,
    "reference_price": 1.28,
    "iva": 10,
    "reference_unit": "100 ml",
    "date": "2023-01-17"
  },
  {
    "id": 6932,
    "name": "Vino Tinto Crianza D.O.Rioja MONOLOGO",
    "description": "Vino Tinto Crianza D.O.Rioja 0,75 L",
    "category": "Vinos d.o",
    "url": "https://tienda.consum.es/es/p/vino-tinto-crianza-dorioja/7187011",
    "price": 5.99,
    "reference_price": 7.99,
    "iva": 21,
    "reference_unit": "1 L",
    "date": "2023-01-17"
  },
  {
    "id": 6933,
    "name": "Rollitos de Primavera congelados MAHESO",
    "description": "Rollitos de Primavera congelados 225 Gr",
    "category": "Asiático",
    "url": "https://tienda.consum.es/es/p/rollitos-de-primavera-congelados/7187057",
    "price": 2.89,
    "reference_price": 12.84,
    "iva": 10,
    "reference_unit": "1 Kg",
    "date": "2023-01-17"
  },
  {
    "id": 6934,
    "name": "Vino Tinto Vendimia Plata D.O.Valencia J. DE JUANES",
    "description": "Vino Tinto Vendimia Plata D.O.Valencia 0,75 L",
    "category": "Vinos d.o",
    "url": "https://tienda.consum.es/es/p/vino-tinto-vendimia-plata-dovalencia/7187359",
    "price": 4.25,
    "reference_price": 5.67,
    "iva": 21,
    "reference_unit": "1 L",
    "date": "2023-01-17"
  },
  {
    "id": 6938,
    "name": "Tostada Canape Cuadrada RECONDO",
    "description": "Tostada Canape Cuadrada 200 Gr",
    "category": "Tostadas y minibiscotes",
    "url": "https://tienda.consum.es/es/p/tostada-canape-cuadrada/7187672",
    "price": 3.39,
    "reference_price": 16.95,
    "iva": 10,
    "reference_unit": "1 Kg",
    "date": "2023-01-17"
  },
  {
    "id": 6940,
    "name": "Dentífrico Repair-Protect Blanqueante SENSODYNE",
    "description": "Dentífrico Repair-Protect Blanqueante 75 ml",
    "category": "Dentífricos",
    "url": "https://tienda.consum.es/es/p/dentifrico-repair-protect-blanqueante/7187685",
    "price": 4.29,
    "reference_price": 5.72,
    "iva": 21,
    "reference_unit": "100 ml",
    "date": "2023-01-17"
  },
  {
    "id": 6942,
    "name": "Salsa con Soja HEINZ",
    "description": "Salsa con Soja 150 ml",
    "category": "Soja",
    "url": "https://tienda.consum.es/es/p/salsa-con-soja/7187805",
    "price": 2.49,
    "reference_price": 16.6,
    "iva": 10,
    "reference_unit": "1 L",
    "date": "2023-01-17"
  },
  {
    "id": 6943,
    "name": "Caldo Casero de Pollo Brik G.BLANCA",
    "description": "Caldo Casero de Pollo Brik 1 L",
    "category": "Caldos y sopas",
    "url": "https://tienda.consum.es/es/p/caldo-casero-de-pollo-brik/7187839",
    "price": 1.99,
    "reference_price": 1.99,
    "iva": 10,
    "reference_unit": "1 L",
    "date": "2023-01-17"
  },
  {
    "id": 6944,
    "name": "Agua Mineral Natural Botella FONT VELLA",
    "description": "Agua Mineral Natural Botella 2,5 L",
    "category": "Agua sin gas : botella",
    "url": "https://tienda.consum.es/es/p/agua-mineral-natural-botella/7188139",
    "price": 1.35,
    "reference_price": 0.54,
    "iva": 10,
    "reference_unit": "1 L",
    "date": "2023-01-17"
  },
  {
    "id": 6946,
    "name": "Caldo Casero Pescado Brik G.BLANCA",
    "description": "Caldo Casero Pescado Brik 1 L",
    "category": "Caldos y sopas",
    "url": "https://tienda.consum.es/es/p/caldo-casero-pescado-brik/7188217",
    "price": 1.99,
    "reference_price": 1.99,
    "iva": 10,
    "reference_unit": "1 L",
    "date": "2023-01-17"
  },
  {
    "id": 6947,
    "name": "Caldo Casero Cocido Brik G.BLANCA",
    "description": "Caldo Casero Cocido Brik 1 L",
    "category": "Caldos y sopas",
    "url": "https://tienda.consum.es/es/p/caldo-casero-cocido-brik/7188220",
    "price": 1.99,
    "reference_price": 1.99,
    "iva": 10,
    "reference_unit": "1 L",
    "date": "2023-01-17"
  },
  {
    "id": 6948,
    "name": "Leche de Cabra semidesnatada Botella PULEVA",
    "description": "Leche de Cabra semidesnatada Botella 1 L",
    "category": "Leches especiales",
    "url": "https://tienda.consum.es/es/p/leche-de-cabra-semidesnatada-botella/7188261",
    "price": 1.91,
    "reference_price": 1.91,
    "iva": 0,
    "reference_unit": "1 L",
    "date": "2023-01-17"
  },
  {
    "id": 6949,
    "name": "Papel Cocina Doble Capa Especi.Fritos Cartapaglia FOXY",
    "description": "Papel Cocina Doble Capa Especi.Fritos Cartapaglia 2 U",
    "category": "Papel de cocina",
    "url": "https://tienda.consum.es/es/p/papel-cocina-doble-capa-especifritos-cartapaglia/7188493",
    "price": 3.29,
    "reference_price": 1.65,
    "iva": 21,
    "reference_unit": "1 U",
    "date": "2023-01-17"
  },
  {
    "id": 6950,
    "name": "Coliflor-Brócoli-Zanahoria Microondas FLORETTE",
    "description": "Coliflor-Brócoli-Zanahoria Microondas 275 Gr",
    "category": "Verduras microondas",
    "url": "https://tienda.consum.es/es/p/coliflor-brocoli-zanahoria-microondas/7188667",
    "price": 1.72,
    "reference_price": 6.25,
    "iva": 0,
    "reference_unit": "1 Kg",
    "date": "2023-01-17"
  },
  {
    "id": 6952,
    "name": "Leche Condensada Entera Lata CONSUM",
    "description": "Leche Condensada Entera Lata 1 Kg",
    "category": "Condensada",
    "url": "https://tienda.consum.es/es/p/leche-condensada-entera-lata/7188675",
    "price": 4,
    "reference_price": 4,
    "iva": 10,
    "reference_unit": "1 Kg",
    "date": "2023-01-17"
  },
  {
    "id": 6953,
    "name": "Leche Condensada Desnatada Lata CONSUM",
    "description": "Leche Condensada Desnatada Lata 1,04 Kg",
    "category": "Condensada",
    "url": "https://tienda.consum.es/es/p/leche-condensada-desnatada-lata/7188683",
    "price": 4,
    "reference_price": 3.85,
    "iva": 10,
    "reference_unit": "1 Kg",
    "date": "2023-01-17"
  },
  {
    "id": 6955,
    "name": "Patatas Fritas Lisas Sabor Campesinas CONSUM",
    "description": "Patatas Fritas Lisas Sabor Campesinas 150 Gr",
    "category": "Patatas fritas",
    "url": "https://tienda.consum.es/es/p/patatas-fritas-lisas-sabor-campesinas/7188725",
    "price": 1.39,
    "reference_price": 9.27,
    "iva": 10,
    "reference_unit": "1 Kg",
    "date": "2023-01-17"
  },
  {
    "id": 6957,
    "name": "Jabón Líquido Almendras PALMOLIVE",
    "description": "Jabón Líquido Almendras 300 ml",
    "category": "Gel de manos",
    "url": "https://tienda.consum.es/es/p/jabon-liquido-almendras/7188779",
    "price": 2.45,
    "reference_price": 0.82,
    "iva": 21,
    "reference_unit": "100 ml",
    "date": "2023-01-17"
  },
  {
    "id": 6958,
    "name": "Vino TInto Joven D.O.Rioja DUQUE NARDOS",
    "description": "Vino TInto Joven D.O.Rioja 0,75 L",
    "category": "Vinos d.o",
    "url": "https://tienda.consum.es/es/p/vino-tinto-joven-dorioja/7188985",
    "price": 2.3,
    "reference_price": 3.07,
    "iva": 21,
    "reference_unit": "1 L",
    "date": "2023-01-17"
  },
  {
    "id": 6959,
    "name": "Vino Rosado Lambrusco BAUTIS.MARTI",
    "description": "Vino Rosado Lambrusco 0,75 L",
    "category": "Internacional",
    "url": "https://tienda.consum.es/es/p/vino-rosado-lambrusco/7189004",
    "price": 3.1,
    "reference_price": 4.13,
    "iva": 21,
    "reference_unit": "1 L",
    "date": "2023-01-17"
  },
  {
    "id": 6960,
    "name": "Bayeta Cristales y Espejos CONSUM",
    "description": "Bayeta Cristales y Espejos 1 U",
    "category": "Bayetas, gamuzas y plumeros",
    "url": "https://tienda.consum.es/es/p/bayeta-cristales-y-espejos/7189327",
    "price": 0.9,
    "reference_price": 0.9,
    "iva": 21,
    "reference_unit": "1 U",
    "date": "2023-01-17"
  },
  {
    "id": 6961,
    "name": "Bayeta Especial Polvo Extrasuave CONSUM",
    "description": "Bayeta Especial Polvo Extrasuave 1 U",
    "category": "Bayetas, gamuzas y plumeros",
    "url": "https://tienda.consum.es/es/p/bayeta-especial-polvo-extrasuave/7189335",
    "price": 0.9,
    "reference_price": 0.9,
    "iva": 21,
    "reference_unit": "1 U",
    "date": "2023-01-17"
  },
  {
    "id": 6962,
    "name": "Jamón Gran Reserva Medias y finas Lonchas CONSUM",
    "description": "Jamón Gran Reserva Medias y finas Lonchas 2 x 110 Gr",
    "category": "Jamón",
    "url": "https://tienda.consum.es/es/p/jamon-gran-reserva-medias-y-finas-lonchas/7189363",
    "price": 3.4,
    "reference_price": 15.45,
    "iva": 10,
    "reference_unit": "1 Kg",
    "date": "2023-01-17"
  },
  {
    "id": 6963,
    "name": "Jamón Gran Reserva Finas Lonchas CONSUM",
    "description": "Jamón Gran Reserva Finas Lonchas 120 Gr",
    "category": "Jamón",
    "url": "https://tienda.consum.es/es/p/jamon-gran-reserva-finas-lonchas/7189368",
    "price": 2.39,
    "reference_price": 19.92,
    "iva": 10,
    "reference_unit": "1 Kg",
    "date": "2023-01-17"
  },
  {
    "id": 6965,
    "name": "Tinte 4.15 Chocolate OLIA",
    "description": "Tinte 4.15 Chocolate 1 U",
    "category": "Coloración",
    "url": "https://tienda.consum.es/es/p/tinte-415-chocolate/7189434",
    "price": 6.3,
    "reference_price": 6.3,
    "iva": 21,
    "reference_unit": "1 U",
    "date": "2023-01-17"
  },
  {
    "id": 6966,
    "name": "Tinte 5.0 Castaño Claro OLIA",
    "description": "Tinte 5.0 Castaño Claro 1 U",
    "category": "Coloración",
    "url": "https://tienda.consum.es/es/p/tinte-50-castano-claro/7189439",
    "price": 6.3,
    "reference_price": 6.3,
    "iva": 21,
    "reference_unit": "1 U",
    "date": "2023-01-17"
  },
  {
    "id": 6967,
    "name": "Tinte 6.0 Rubio Oscuro OLIA",
    "description": "Tinte 6.0 Rubio Oscuro 1 U",
    "category": "Coloración",
    "url": "https://tienda.consum.es/es/p/tinte-60-rubio-oscuro/7189442",
    "price": 6.3,
    "reference_price": 6.3,
    "iva": 21,
    "reference_unit": "1 U",
    "date": "2023-01-17"
  },
  {
    "id": 6968,
    "name": "Tinte 7.0 Rubio OLIA",
    "description": "Tinte 7.0 Rubio 1 U",
    "category": "Coloración",
    "url": "https://tienda.consum.es/es/p/tinte-70-rubio/7189447",
    "price": 6.3,
    "reference_price": 6.3,
    "iva": 21,
    "reference_unit": "1 U",
    "date": "2023-01-17"
  },
  {
    "id": 6970,
    "name": "Protector 60X90 Cm INDASBED",
    "description": "Protector 60X90 Cm 20 U",
    "category": "Pañal adulto y protectores",
    "url": "https://tienda.consum.es/es/p/protector-60x90-cm/7189512",
    "price": 8.99,
    "reference_price": 0.45,
    "iva": 21,
    "reference_unit": "1 U",
    "date": "2023-01-17"
  },
  {
    "id": 6971,
    "name": "Jengibre Con Limón 20 Bolsitas POMPADOUR",
    "description": "Jengibre Con Limón 20 Bolsitas 20 U",
    "category": "Otras infusiones",
    "url": "https://tienda.consum.es/es/p/jengibre-con-limon-20-bolsitas/7189525",
    "price": 2.5,
    "reference_price": 0.13,
    "iva": 10,
    "reference_unit": "1 U",
    "date": "2023-01-17"
  },
  {
    "id": 6974,
    "name": "Pañal DryNites 4 a 7 Años Niña HUGGIES",
    "description": "Pañal DryNites 4 a 7 Años Niña 10 U",
    "category": "Braguita noche",
    "url": "https://tienda.consum.es/es/p/panal-drynites-4-a-7-anos-nina/7189579",
    "price": 9.85,
    "reference_price": 0.99,
    "iva": 21,
    "reference_unit": "1 U",
    "date": "2023-01-17"
  },
  {
    "id": 6975,
    "name": "Pañal DryNites 4 a 7 Años Niño HUGGIES",
    "description": "Pañal DryNites 4 a 7 Años Niño 10 U",
    "category": "Braguita noche",
    "url": "https://tienda.consum.es/es/p/panal-drynites-4-a-7-anos-nino/7189582",
    "price": 9.85,
    "reference_price": 0.99,
    "iva": 21,
    "reference_unit": "1 U",
    "date": "2023-01-17"
  },
  {
    "id": 6976,
    "name": "Pañal DryNites 8 a 15 Años Niña HUGGIES",
    "description": "Pañal DryNites 8 a 15 Años Niña 9 U",
    "category": "Braguita noche",
    "url": "https://tienda.consum.es/es/p/panal-drynites-8-a-15-anos-nina/7189587",
    "price": 9.85,
    "reference_price": 1.09,
    "iva": 21,
    "reference_unit": "1 U",
    "date": "2023-01-17"
  },
  {
    "id": 6977,
    "name": "Pañal Drynites 8 a 15 Años Niño HUGGIES",
    "description": "Pañal Drynites 8 a 15 Años Niño 9 U",
    "category": "Braguita noche",
    "url": "https://tienda.consum.es/es/p/panal-drynites-8-a-15-anos-nino/7189590",
    "price": 9.85,
    "reference_price": 1.09,
    "iva": 21,
    "reference_unit": "1 U",
    "date": "2023-01-17"
  },
  {
    "id": 6978,
    "name": "Albahaca Bandeja EL DULZE",
    "description": "Albahaca Bandeja 20 Gr",
    "category": "Aromáticos",
    "url": "https://tienda.consum.es/es/p/albahaca-bandeja/7189673",
    "price": 1.29,
    "reference_price": 6.45,
    "iva": 10,
    "reference_unit": "100 Gr",
    "date": "2023-01-17"
  },
  {
    "id": 6979,
    "name": "Chorizo Extra CONSUM",
    "description": "Chorizo Extra 280 Gr",
    "category": "Chorizo",
    "url": "https://tienda.consum.es/es/p/chorizo-extra/7189769",
    "price": 2.19,
    "reference_price": 7.82,
    "iva": 10,
    "reference_unit": "1 Kg",
    "date": "2023-01-17"
  },
  {
    "id": 6980,
    "name": "Chorizo Picante Extra CONSUM",
    "description": "Chorizo Picante Extra 280 Gr",
    "category": "Chorizo",
    "url": "https://tienda.consum.es/es/p/chorizo-picante-extra/7189772",
    "price": 2.19,
    "reference_price": 7.82,
    "iva": 10,
    "reference_unit": "1 Kg",
    "date": "2023-01-17"
  },
  {
    "id": 6983,
    "name": "Dentífrico Pro Expert Sensibilidad ORAL B",
    "description": "Dentífrico Pro Expert Sensibilidad 75 ml",
    "category": "Dentífricos",
    "url": "https://tienda.consum.es/es/p/dentifrico-pro-expert-sensibilidad/7189959",
    "price": 3.25,
    "reference_price": 4.33,
    "iva": 21,
    "reference_unit": "100 ml",
    "date": "2023-01-17"
  },
  {
    "id": 6984,
    "name": "Caldo Casero Carne Brik G.BLANCA",
    "description": "Caldo Casero Carne Brik 1 L",
    "category": "Caldos y sopas",
    "url": "https://tienda.consum.es/es/p/caldo-casero-carne-brik/7189967",
    "price": 1.99,
    "reference_price": 1.99,
    "iva": 10,
    "reference_unit": "1 L",
    "date": "2023-01-17"
  },
  {
    "id": 6985,
    "name": "Regañas CONSUM",
    "description": "Regañas 250 Gr",
    "category": "Rosquilletas, picos y snacks",
    "url": "https://tienda.consum.es/es/p/reganas/7190130",
    "price": 0.99,
    "reference_price": 3.96,
    "iva": 10,
    "reference_unit": "1 Kg",
    "date": "2023-01-17"
  },
  {
    "id": 6986,
    "name": "Pizza congelada Boloñesa CONSUM",
    "description": "Pizza congelada Boloñesa 350 Gr",
    "category": "Pizza congelada",
    "url": "https://tienda.consum.es/es/p/pizza-congelada-bolonesa/7190171",
    "price": 2.69,
    "reference_price": 7.69,
    "iva": 10,
    "reference_unit": "1 Kg",
    "date": "2023-01-17"
  },
  {
    "id": 6995,
    "name": "Cerveza Clasica Lata. AMSTEL",
    "description": "Cerveza Clasica Lata. 0,33 L",
    "category": "Nacional lata",
    "url": "https://tienda.consum.es/es/p/cerveza-clasica-lata/7190726",
    "price": 0.49,
    "reference_price": 1.48,
    "iva": 21,
    "reference_unit": "1 L",
    "date": "2023-01-17"
  },
  {
    "id": 6997,
    "name": "Chocolate Blanco para Postres NESTLE",
    "description": "Chocolate Blanco para Postres 180 Gr",
    "category": "Tabletas",
    "url": "https://tienda.consum.es/es/p/chocolate-blanco-para-postres/7190895",
    "price": 1.99,
    "reference_price": 11.06,
    "iva": 10,
    "reference_unit": "1 Kg",
    "date": "2023-01-17"
  },
  {
    "id": 6998,
    "name": "Dentífrico Aliento Fresco BINACA",
    "description": "Dentífrico Aliento Fresco 125 ml",
    "category": "Dentífricos",
    "url": "https://tienda.consum.es/es/p/dentifrico-aliento-fresco/7190911",
    "price": 1.75,
    "reference_price": 1.4,
    "iva": 21,
    "reference_unit": "100 ml",
    "date": "2023-01-17"
  },
  {
    "id": 7006,
    "name": "Tortitas Maiz Sin Glutén Paquete BICENTURY",
    "description": "Tortitas Maiz Sin Glutén Paquete 130 Gr",
    "category": "Tortitas",
    "url": "https://tienda.consum.es/es/p/tortitas-maiz-sin-gluten-paquete/7191687",
    "price": 1.49,
    "reference_price": 11.46,
    "iva": 10,
    "reference_unit": "1 Kg",
    "date": "2023-01-17"
  },
  {
    "id": 7010,
    "name": "Natillas de Vainilla Pack de 4 Unidades CONSUM",
    "description": "Natillas de Vainilla Pack de 4 Unidades 4 x 125 Gr",
    "category": "Natillas",
    "url": "https://tienda.consum.es/es/p/natillas-de-vainilla-pack-de-4-unidades/7191963",
    "price": 1.05,
    "reference_price": 2.1,
    "iva": 10,
    "reference_unit": "1 Kg",
    "date": "2023-01-17"
  },
  {
    "id": 7011,
    "name": "Natillas de Chocolate Pack de 4 Unidades CONSUM",
    "description": "Natillas de Chocolate Pack de 4 Unidades 4 x 125 Gr",
    "category": "Natillas",
    "url": "https://tienda.consum.es/es/p/natillas-de-chocolate-pack-de-4-unidades/7191968",
    "price": 1.05,
    "reference_price": 2.1,
    "iva": 10,
    "reference_unit": "1 Kg",
    "date": "2023-01-17"
  },
  {
    "id": 7013,
    "name": "Flan de Vainilla Pack de 6 Unidades CONSUM",
    "description": "Flan de Vainilla Pack de 6 Unidades 6 x 100 Gr",
    "category": "Flanes",
    "url": "https://tienda.consum.es/es/p/flan-de-vainilla-pack-de-6-unidades/7192037",
    "price": 1,
    "reference_price": 1.67,
    "iva": 10,
    "reference_unit": "1 Kg",
    "date": "2023-01-17"
  },
  {
    "id": 7020,
    "name": "Vinto Tinto Crianza D.O.Rioja FAUST.RIVERO",
    "description": "Vinto Tinto Crianza D.O.Rioja 0,75 L",
    "category": "Vinos d.o",
    "url": "https://tienda.consum.es/es/p/vinto-tinto-crianza-dorioja/7192623",
    "price": 4.79,
    "reference_price": 6.39,
    "iva": 21,
    "reference_unit": "1 L",
    "date": "2023-01-17"
  },
  {
    "id": 7021,
    "name": "Limpiador Concentrado de Vinagre JOSMI",
    "description": "Limpiador Concentrado de Vinagre 1 L",
    "category": "Otros limpiadores específicos",
    "url": "https://tienda.consum.es/es/p/limpiador-concentrado-de-vinagre/7192698",
    "price": 0.8,
    "reference_price": 0.8,
    "iva": 21,
    "reference_unit": "1 L",
    "date": "2023-01-17"
  },
  {
    "id": 7022,
    "name": "Arreglo para Paella de Pollo y Conejo CONSUM",
    "description": "Arreglo para Paella de Pollo y Conejo",
    "category": "Aves y conejo",
    "url": "https://tienda.consum.es/es/p/arreglo-para-paella-de-pollo-y-conejo/7192727",
    "price": 6.07,
    "reference_price": 7.1,
    "iva": 10,
    "reference_unit": "1 Kg",
    "date": "2023-01-17"
  },
  {
    "id": 7023,
    "name": "Limpiador Desinfectante Multiusos SANYTOL",
    "description": "Limpiador Desinfectante Multiusos 0,75 L",
    "category": "Limpieza hogar",
    "url": "https://tienda.consum.es/es/p/limpiador-desinfectante-multiusos/7192847",
    "price": 2.99,
    "reference_price": 3.99,
    "iva": 21,
    "reference_unit": "1 L",
    "date": "2023-01-17"
  },
  {
    "id": 7024,
    "name": "Pizza Forno congelada Caprese BUITONI",
    "description": "Pizza Forno congelada Caprese 350 Gr",
    "category": "Pizza congelada",
    "url": "https://tienda.consum.es/es/p/pizza-forno-congelada-caprese/7193014",
    "price": 3.69,
    "reference_price": 10.54,
    "iva": 10,
    "reference_unit": "1 Kg",
    "date": "2023-01-17"
  },
  {
    "id": 7027,
    "name": "Tinte Color Sensation Nº3 Castaño Oscuro GARNIER",
    "description": "Tinte Color Sensation Nº3 Castaño Oscuro 1 U",
    "category": "Coloración",
    "url": "https://tienda.consum.es/es/p/tinte-color-sensation-n3-castano-oscuro/7193217",
    "price": 3.5,
    "reference_price": 3.5,
    "iva": 21,
    "reference_unit": "1 U",
    "date": "2023-01-17"
  },
  {
    "id": 7029,
    "name": "Tinte Color Sensation Nº4.15 Chocolate GARNIER",
    "description": "Tinte Color Sensation Nº4.15 Chocolate 1 U",
    "category": "Coloración",
    "url": "https://tienda.consum.es/es/p/tinte-color-sensation-n415-chocolate/7193225",
    "price": 3.5,
    "reference_price": 3.5,
    "iva": 21,
    "reference_unit": "1 U",
    "date": "2023-01-17"
  },
  {
    "id": 7031,
    "name": "Tinte Color Sensation Nº6 Rubio Oscuro GARNIER",
    "description": "Tinte Color Sensation Nº6 Rubio Oscuro 1 U",
    "category": "Coloración",
    "url": "https://tienda.consum.es/es/p/tinte-color-sensation-n6-rubio-oscuro/7193238",
    "price": 3.5,
    "reference_price": 3.5,
    "iva": 21,
    "reference_unit": "1 U",
    "date": "2023-01-17"
  },
  {
    "id": 7032,
    "name": "Tinte Color Sensation Nº6.35 Rubio Caramelo GARNIER",
    "description": "Tinte Color Sensation Nº6.35 Rubio Caramelo 1 U",
    "category": "Coloración",
    "url": "https://tienda.consum.es/es/p/tinte-color-sensation-n635-rubio-caramelo/7193246",
    "price": 3.5,
    "reference_price": 3.5,
    "iva": 21,
    "reference_unit": "1 U",
    "date": "2023-01-17"
  },
  {
    "id": 7033,
    "name": "Tinte Color Sensation Nº8 Rubio Luminoso GARNIER",
    "description": "Tinte Color Sensation Nº8 Rubio Luminoso 1 U",
    "category": "Coloración",
    "url": "https://tienda.consum.es/es/p/tinte-color-sensation-n8-rubio-luminoso/7193261",
    "price": 3.5,
    "reference_price": 3.5,
    "iva": 21,
    "reference_unit": "1 U",
    "date": "2023-01-17"
  },
  {
    "id": 7036,
    "name": "Fuet Buenasierra ARGAL",
    "description": "Fuet Buenasierra 110 Gr",
    "category": "Curado",
    "url": "https://tienda.consum.es/es/p/fuet-buenasierra/7193345",
    "price": 1.39,
    "reference_price": 12.64,
    "iva": 10,
    "reference_unit": "1 Kg",
    "date": "2023-01-17"
  },
  {
    "id": 7037,
    "name": "Jamón Cocido Bajo Grasa Reducido Sal ELPOZO",
    "description": "Jamón Cocido Bajo Grasa Reducido Sal 75 Gr",
    "category": "Jamón cocido - york",
    "url": "https://tienda.consum.es/es/p/jamon-cocido-bajo-grasa-reducido-sal/7193480",
    "price": 1,
    "reference_price": 13.33,
    "iva": 10,
    "reference_unit": "1 Kg",
    "date": "2023-01-17"
  },
  {
    "id": 7038,
    "name": "Chorizo Pamplona REVILLA",
    "description": "Chorizo Pamplona 65 Gr",
    "category": "Chorizo",
    "url": "https://tienda.consum.es/es/p/chorizo-pamplona/7193498",
    "price": 1,
    "reference_price": 15.38,
    "iva": 10,
    "reference_unit": "1 Kg",
    "date": "2023-01-17"
  },
  {
    "id": 7039,
    "name": "Salchichón Extra REVILLA",
    "description": "Salchichón Extra 65 Gr",
    "category": "Salchichón y salami",
    "url": "https://tienda.consum.es/es/p/salchichon-extra/7193501",
    "price": 1,
    "reference_price": 15.38,
    "iva": 10,
    "reference_unit": "1 Kg",
    "date": "2023-01-17"
  },
  {
    "id": 7040,
    "name": "Harina de Fuerza Paquete RIO",
    "description": "Harina de Fuerza Paquete 1 Kg",
    "category": "Despensa",
    "url": "https://tienda.consum.es/es/p/harina-de-fuerza-paquete/7193647",
    "price": 0.96,
    "reference_price": 0.96,
    "iva": 0,
    "reference_unit": "1 Kg",
    "date": "2023-01-17"
  },
  {
    "id": 7042,
    "name": "Salsa Pesto Genovese BARILLA",
    "description": "Salsa Pesto Genovese 190 Gr",
    "category": "Otras salsas",
    "url": "https://tienda.consum.es/es/p/salsa-pesto-genovese/7193725",
    "price": 2.99,
    "reference_price": 15.74,
    "iva": 10,
    "reference_unit": "1 Kg",
    "date": "2023-01-17"
  },
  {
    "id": 7046,
    "name": "Escamas de Sal Marina Caja MALDON",
    "description": "Escamas de Sal Marina Caja 125 Gr",
    "category": "Sal y especias",
    "url": "https://tienda.consum.es/es/p/escamas-de-sal-marina-caja/7193886",
    "price": 2.79,
    "reference_price": 22.32,
    "iva": 10,
    "reference_unit": "1 Kg",
    "date": "2023-01-17"
  },
  {
    "id": 7048,
    "name": "Mermelada Naranja Amarga Tarro VIEJA FABRIC",
    "description": "Mermelada Naranja Amarga Tarro 375 Gr",
    "category": "Mermeladas y confituras",
    "url": "https://tienda.consum.es/es/p/mermelada-naranja-amarga-tarro/7194025",
    "price": 2.35,
    "reference_price": 6.44,
    "iva": 10,
    "reference_unit": "1 Kg",
    "date": "2023-01-17"
  },
  {
    "id": 7049,
    "name": "Mermelada Melocotón Tarro VIEJA FABRIC",
    "description": "Mermelada Melocotón Tarro 350 Gr",
    "category": "Mermeladas y confituras",
    "url": "https://tienda.consum.es/es/p/mermelada-melocoton-tarro/7194033",
    "price": 2.35,
    "reference_price": 6.71,
    "iva": 10,
    "reference_unit": "1 Kg",
    "date": "2023-01-17"
  },
  {
    "id": 7050,
    "name": "Mermelada Fresa Tarro VIEJA FABRIC",
    "description": "Mermelada Fresa Tarro 350 Gr",
    "category": "Mermeladas y confituras",
    "url": "https://tienda.consum.es/es/p/mermelada-fresa-tarro/7194038",
    "price": 2.55,
    "reference_price": 7.29,
    "iva": 10,
    "reference_unit": "1 Kg",
    "date": "2023-01-17"
  },
  {
    "id": 7052,
    "name": "Salfumant JOSMI",
    "description": "Salfumant 1 L",
    "category": "Otros limpiadores específicos",
    "url": "https://tienda.consum.es/es/p/salfumant/7194111",
    "price": 0.95,
    "reference_price": 0.95,
    "iva": 21,
    "reference_unit": "1 L",
    "date": "2023-01-17"
  },
  {
    "id": 7056,
    "name": "Danonino Petit Suisse Fresa y Plátano Pack 6 U DANONE",
    "description": "Danonino Petit Suisse Fresa y Plátano Pack 6 U 6 x 50 Gr",
    "category": "Petit e infantiles",
    "url": "https://tienda.consum.es/es/p/danonino-petit-suisse-fresa-y-platano-pack-6-u/7194280",
    "price": 1.43,
    "reference_price": 4.77,
    "iva": 0,
    "reference_unit": "1 Kg",
    "date": "2023-01-17"
  },
  {
    "id": 7057,
    "name": "Danonino Petit Suisse Sabor Fresa Pack de 6 U DANONE",
    "description": "Danonino Petit Suisse Sabor Fresa Pack de 6 U 6 x 50 Gr",
    "category": "Petit e infantiles",
    "url": "https://tienda.consum.es/es/p/danonino-petit-suisse-sabor-fresa-pack-de-6-u/7194285",
    "price": 1.43,
    "reference_price": 4.77,
    "iva": 0,
    "reference_unit": "1 Kg",
    "date": "2023-01-17"
  },
  {
    "id": 7058,
    "name": "Tiras de Bacón ELPOZO",
    "description": "Tiras de Bacón 2 x 40 Gr",
    "category": "Bacon y panceta",
    "url": "https://tienda.consum.es/es/p/tiras-de-bacon/7194389",
    "price": 1,
    "reference_price": 12.5,
    "iva": 10,
    "reference_unit": "1 Kg",
    "date": "2023-01-17"
  },
  {
    "id": 7064,
    "name": "Magdalena Concha ARENAS",
    "description": "Magdalena Concha 300 Gr",
    "category": "Bollería industrial",
    "url": "https://tienda.consum.es/es/p/magdalena-concha/7194579",
    "price": 1.69,
    "reference_price": 5.63,
    "iva": 10,
    "reference_unit": "1 Kg",
    "date": "2023-01-17"
  },
  {
    "id": 7065,
    "name": "Zumo Exprimido Naranja Con Pulpa - Brik DON SIMON",
    "description": "Zumo Exprimido Naranja Con Pulpa - Brik 1 L",
    "category": "Zumos y néctares no refrigerados",
    "url": "https://tienda.consum.es/es/p/zumo-exprimido-naranja-con-pulpa---brik/7194629",
    "price": 1.85,
    "reference_price": 1.85,
    "iva": 10,
    "reference_unit": "1 L",
    "date": "2023-01-17"
  },
  {
    "id": 7066,
    "name": "Refresco Lima Limón Lata Free SEVEN UP",
    "description": "Refresco Lima Limón Lata Free 0,33 L",
    "category": "Limón y lima-limón",
    "url": "https://tienda.consum.es/es/p/refresco-lima-limon-lata-free/7194645",
    "price": 0.5,
    "reference_price": 1.52,
    "iva": 21,
    "reference_unit": "1 L",
    "date": "2023-01-17"
  },
  {
    "id": 7067,
    "name": "Pan Molde Normal CONSUM",
    "description": "Pan Molde Normal 820 Gr",
    "category": "Pan de molde",
    "url": "https://tienda.consum.es/es/p/pan-molde-normal/7194884",
    "price": 1.25,
    "reference_price": 1.52,
    "iva": 10,
    "reference_unit": "1 Kg",
    "date": "2023-01-17"
  },
  {
    "id": 7068,
    "name": "Pan Molde Integral CONSUM",
    "description": "Pan Molde Integral 820 Gr",
    "category": "Con corteza",
    "url": "https://tienda.consum.es/es/p/pan-molde-integral/7194889",
    "price": 1.25,
    "reference_price": 1.52,
    "iva": 10,
    "reference_unit": "1 Kg",
    "date": "2023-01-17"
  },
  {
    "id": 7070,
    "name": "Refresco Naranja Sin Gas Botella TRINA",
    "description": "Refresco Naranja Sin Gas Botella 1,5 L",
    "category": "Refrescos sin gas",
    "url": "https://tienda.consum.es/es/p/refresco-naranja-sin-gas-botella/7195113",
    "price": 1.65,
    "reference_price": 1.1,
    "iva": 21,
    "reference_unit": "1 L",
    "date": "2023-01-17"
  },
  {
    "id": 7076,
    "name": "Lavavajillas Diluido CONSUM",
    "description": "Lavavajillas Diluido 1,3 L",
    "category": "Lavavajillas a mano",
    "url": "https://tienda.consum.es/es/p/lavavajillas-diluido/7195345",
    "price": 1.2,
    "reference_price": 0.92,
    "iva": 21,
    "reference_unit": "1 L",
    "date": "2023-01-17"
  },
  {
    "id": 7077,
    "name": "Queso Gorgonzola D.O.P IGOR",
    "description": "Queso Gorgonzola D.O.P 200 Gr",
    "category": "Roquefort y azules",
    "url": "https://tienda.consum.es/es/p/queso-gorgonzola-dop/7195431",
    "price": 2.36,
    "reference_price": 11.8,
    "iva": 0,
    "reference_unit": "1 Kg",
    "date": "2023-01-17"
  },
  {
    "id": 7078,
    "name": "Masa de Hojaldre Redonda CONSUM",
    "description": "Masa de Hojaldre Redonda 230 Gr",
    "category": "Refrigeradas",
    "url": "https://tienda.consum.es/es/p/masa-de-hojaldre-redonda/7195444",
    "price": 1.19,
    "reference_price": 5.17,
    "iva": 10,
    "reference_unit": "1 Kg",
    "date": "2023-01-17"
  },
  {
    "id": 7079,
    "name": "Masa de Pizza Redonda CONSUM",
    "description": "Masa de Pizza Redonda 260 Gr",
    "category": "Refrigeradas",
    "url": "https://tienda.consum.es/es/p/masa-de-pizza-redonda/7195449",
    "price": 1.35,
    "reference_price": 5.19,
    "iva": 10,
    "reference_unit": "1 Kg",
    "date": "2023-01-17"
  },
  {
    "id": 7083,
    "name": "Comida Seca Gatos Senior Esterilizados ULTIMA",
    "description": "Comida Seca Gatos Senior Esterilizados 800 Gr",
    "category": "Seco",
    "url": "https://tienda.consum.es/es/p/comida-seca-gatos-senior-esterilizados/7195535",
    "price": 5.45,
    "reference_price": 6.81,
    "iva": 10,
    "reference_unit": "1 Kg",
    "date": "2023-01-17"
  },
  {
    "id": 7084,
    "name": "Agua Mineral Natural. Botella BENASAL",
    "description": "Agua Mineral Natural. Botella 1,5 L",
    "category": "Agua sin gas : botella",
    "url": "https://tienda.consum.es/es/p/agua-mineral-natural-botella/7195597",
    "price": 0.66,
    "reference_price": 0.44,
    "iva": 10,
    "reference_unit": "1 L",
    "date": "2023-01-17"
  },
  {
    "id": 7098,
    "name": "Bebida de Almendras Brik ALPRO",
    "description": "Bebida de Almendras Brik 1 L",
    "category": "Bebidas vegetales",
    "url": "https://tienda.consum.es/es/p/bebida-de-almendras-brik/7196186",
    "price": 1.99,
    "reference_price": 1.99,
    "iva": 10,
    "reference_unit": "1 L",
    "date": "2023-01-17"
  },
  {
    "id": 7100,
    "name": "Quitaesmalte sin Acetona KYREY",
    "description": "Quitaesmalte sin Acetona 200 ml",
    "category": "Uñas",
    "url": "https://tienda.consum.es/es/p/quitaesmalte-sin-acetona/7196249",
    "price": 1.2,
    "reference_price": 0.6,
    "iva": 21,
    "reference_unit": "100 ml",
    "date": "2023-01-17"
  },
  {
    "id": 7101,
    "name": "Aceite Cabello Universal ELVIVE",
    "description": "Aceite Cabello Universal 100 ml",
    "category": "Serums, aceites y otros",
    "url": "https://tienda.consum.es/es/p/aceite-cabello-universal/7196392",
    "price": 9.2,
    "reference_price": 9.2,
    "iva": 21,
    "reference_unit": "100 ml",
    "date": "2023-01-17"
  },
  {
    "id": 7103,
    "name": "Refresco Manzana Lata Sin Gas. TRINA",
    "description": "Refresco Manzana Lata Sin Gas. 0,33 L",
    "category": "Refrescos sin gas",
    "url": "https://tienda.consum.es/es/p/refresco-manzana-lata-sin-gas/7196459",
    "price": 0.65,
    "reference_price": 1.97,
    "iva": 21,
    "reference_unit": "1 L",
    "date": "2023-01-17"
  },
  {
    "id": 7105,
    "name": "Cebolla Crujiente Bote ARGENTE",
    "description": "Cebolla Crujiente Bote 100 Gr",
    "category": "Especias",
    "url": "https://tienda.consum.es/es/p/cebolla-crujiente-bote/7196520",
    "price": 1.59,
    "reference_price": 15.9,
    "iva": 10,
    "reference_unit": "1 Kg",
    "date": "2023-01-17"
  },
  {
    "id": 7107,
    "name": "Fideos Orientales Pollo Yatekomo G.BLANCA",
    "description": "Fideos Orientales Pollo Yatekomo 60 Gr",
    "category": "Asiático",
    "url": "https://tienda.consum.es/es/p/fideos-orientales-pollo-yatekomo/7196538",
    "price": 1.39,
    "reference_price": 23.17,
    "iva": 10,
    "reference_unit": "1 Kg",
    "date": "2023-01-17"
  },
  {
    "id": 7111,
    "name": "Camembert NORMANDIE",
    "description": "Camembert 240 Gr",
    "category": "Brie, camembert y cremosos",
    "url": "https://tienda.consum.es/es/p/camembert/7197023",
    "price": 1.59,
    "reference_price": 6.63,
    "iva": 0,
    "reference_unit": "1 Kg",
    "date": "2023-01-17"
  },
  {
    "id": 7118,
    "name": "Gel Baño LACTOVIT",
    "description": "Gel Baño 900 ml",
    "category": "Gel de baño",
    "url": "https://tienda.consum.es/es/p/gel-bano/7197333",
    "price": 3.5,
    "reference_price": 0.39,
    "iva": 21,
    "reference_unit": "100 ml",
    "date": "2023-01-17"
  },
  {
    "id": 7120,
    "name": "Tónica Lata SCHWEPPES",
    "description": "Tónica Lata 0,25 L",
    "category": "Tónica",
    "url": "https://tienda.consum.es/es/p/tonica-lata/7197481",
    "price": 0.79,
    "reference_price": 3.16,
    "iva": 21,
    "reference_unit": "1 L",
    "date": "2023-01-17"
  },
  {
    "id": 7121,
    "name": "Queso Burgo Arias Natural ARIAS",
    "description": "Queso Burgo Arias Natural 2 x 60 Gr",
    "category": "Frescos y para ensaladas",
    "url": "https://tienda.consum.es/es/p/queso-burgo-arias-natural/7197523",
    "price": 1.05,
    "reference_price": 8.75,
    "iva": 0,
    "reference_unit": "1 Kg",
    "date": "2023-01-17"
  },
  {
    "id": 7122,
    "name": "Refresco Naranja Florida Botella SUNNY",
    "description": "Refresco Naranja Florida Botella 1,25 L",
    "category": "Refrescos sin gas",
    "url": "https://tienda.consum.es/es/p/refresco-naranja-florida-botella/7197614",
    "price": 1.89,
    "reference_price": 1.51,
    "iva": 21,
    "reference_unit": "1 L",
    "date": "2023-01-17"
  },
  {
    "id": 7124,
    "name": "Desodorante en crema Máxima Proteccion REXONA",
    "description": "Desodorante en crema Máxima Proteccion 45 ml",
    "category": "Crema y barra",
    "url": "https://tienda.consum.es/es/p/desodorante-en-crema-maxima-proteccion/7197655",
    "price": 5.15,
    "reference_price": 11.44,
    "iva": 21,
    "reference_unit": "100 ml",
    "date": "2023-01-17"
  },
  {
    "id": 7125,
    "name": "Fruta Leche Tropical Zero. Pack de 6 DON SIMON",
    "description": "Fruta Leche Tropical Zero. Pack de 6 6 x 200 ml",
    "category": "Zumos con leche",
    "url": "https://tienda.consum.es/es/p/fruta-leche-tropical-zero-pack-de-6/7197663",
    "price": 1.5,
    "reference_price": 1.25,
    "iva": 21,
    "reference_unit": "1 L",
    "date": "2023-01-17"
  },
  {
    "id": 7127,
    "name": "Vino Tinto Ecológico D.O.Valencia LA TRACA",
    "description": "Vino Tinto Ecológico D.O.Valencia 0,75 L",
    "category": "Vinos d.o",
    "url": "https://tienda.consum.es/es/p/vino-tinto-ecologico-dovalencia/7197705",
    "price": 4.65,
    "reference_price": 6.2,
    "iva": 21,
    "reference_unit": "1 L",
    "date": "2023-01-17"
  },
  {
    "id": 7128,
    "name": "Cerveza Celiacos Botella AMBAR",
    "description": "Cerveza Celiacos Botella 0,33 L",
    "category": "Nacional botella",
    "url": "https://tienda.consum.es/es/p/cerveza-celiacos-botella/7197817",
    "price": 1.09,
    "reference_price": 3.3,
    "iva": 21,
    "reference_unit": "1 L",
    "date": "2023-01-17"
  },
  {
    "id": 7130,
    "name": "Burger Angus 2 Unidades ROLER",
    "description": "Burger Angus 2 Unidades 240 Gr",
    "category": "Picadas y hamburguesas",
    "url": "https://tienda.consum.es/es/p/burger-angus-2-unidades/7197833",
    "price": 3.89,
    "reference_price": 16.21,
    "iva": 10,
    "reference_unit": "1 Kg",
    "date": "2023-01-17"
  },
  {
    "id": 7133,
    "name": "Pechuga de Pavo sin Grasa Red. en Sal ELPOZO",
    "description": "Pechuga de Pavo sin Grasa Red. en Sal 75 Gr",
    "category": "Fiambres ave",
    "url": "https://tienda.consum.es/es/p/pechuga-de-pavo-sin-grasa-red-en-sal/7197874",
    "price": 1,
    "reference_price": 13.33,
    "iva": 10,
    "reference_unit": "1 Kg",
    "date": "2023-01-17"
  },
  {
    "id": 7140,
    "name": "Pechuga de Pavo B/G CAMPOFRÍO",
    "description": "Pechuga de Pavo B/G 70 Gr",
    "category": "Fiambres ave",
    "url": "https://tienda.consum.es/es/p/pechuga-de-pavo-b/g/7198158",
    "price": 1,
    "reference_price": 14.29,
    "iva": 10,
    "reference_unit": "1 Kg",
    "date": "2023-01-17"
  },
  {
    "id": 7141,
    "name": "Postre de Soja Sabor Chocolate CONSUM",
    "description": "Postre de Soja Sabor Chocolate 4 x 100 Gr",
    "category": "Soja",
    "url": "https://tienda.consum.es/es/p/postre-de-soja-sabor-chocolate/7198328",
    "price": 1.69,
    "reference_price": 4.23,
    "iva": 10,
    "reference_unit": "1 Kg",
    "date": "2023-01-17"
  },
  {
    "id": 7148,
    "name": "Dentífrico Acción Completa SENSODYNE",
    "description": "Dentífrico Acción Completa 75 ml",
    "category": "Dentífricos",
    "url": "https://tienda.consum.es/es/p/dentifrico-accion-completa/7198901",
    "price": 4.29,
    "reference_price": 5.72,
    "iva": 21,
    "reference_unit": "100 ml",
    "date": "2023-01-17"
  },
  {
    "id": 7149,
    "name": "Cheese Burger Pack de 2 Unidades PALACIOS",
    "description": "Cheese Burger Pack de 2 Unidades 250 Gr",
    "category": "Bocadillos y sándwich listos",
    "url": "https://tienda.consum.es/es/p/cheese-burger-pack-de-2-unidades/7199003",
    "price": 3.29,
    "reference_price": 13.16,
    "iva": 10,
    "reference_unit": "1 Kg",
    "date": "2023-01-17"
  },
  {
    "id": 7152,
    "name": "Aclarante Intensivo Blonde NORDIC",
    "description": "Aclarante Intensivo Blonde 1 U",
    "category": "Coloración",
    "url": "https://tienda.consum.es/es/p/aclarante-intensivo-blonde/7199094",
    "price": 5.75,
    "reference_price": 5.75,
    "iva": 21,
    "reference_unit": "1 U",
    "date": "2023-01-17"
  },
  {
    "id": 7153,
    "name": "Gel Lactourea LACTOVIT",
    "description": "Gel Lactourea 600 ml",
    "category": "Gel de baño",
    "url": "https://tienda.consum.es/es/p/gel-lactourea/7199102",
    "price": 2.75,
    "reference_price": 0.46,
    "iva": 21,
    "reference_unit": "100 ml",
    "date": "2023-01-17"
  },
  {
    "id": 7154,
    "name": "Refresco Limón Original Botella SCHWEPPES",
    "description": "Refresco Limón Original Botella 1 L",
    "category": "Limón y lima-limón",
    "url": "https://tienda.consum.es/es/p/refresco-limon-original-botella/7199169",
    "price": 1.85,
    "reference_price": 1.85,
    "iva": 21,
    "reference_unit": "1 L",
    "date": "2023-01-17"
  },
  {
    "id": 7155,
    "name": "Aceituna Pelotín Sabor Anchoa BERNAL",
    "description": "Aceituna Pelotín Sabor Anchoa 250 Gr",
    "category": "Aceitunas y encurtidos",
    "url": "https://tienda.consum.es/es/p/aceituna-pelotin-sabor-anchoa/7199289",
    "price": 1.99,
    "reference_price": 7.96,
    "iva": 10,
    "reference_unit": "1 Kg",
    "date": "2023-01-17"
  },
  {
    "id": 7158,
    "name": "Medallones de Merluza congelados NOS",
    "description": "Medallones de Merluza congelados 500 Gr",
    "category": "Pescados y mariscos",
    "url": "https://tienda.consum.es/es/p/medallones-de-merluza-congelados/7199557",
    "price": 3.99,
    "reference_price": 7.98,
    "iva": 10,
    "reference_unit": "1 Kg",
    "date": "2023-01-17"
  },
  {
    "id": 7162,
    "name": "Yogur Natural Azucarado Pack de 12 Unidades CONSUM",
    "description": "Yogur Natural Azucarado Pack de 12 Unidades 12 x 125 Gr",
    "category": "Yogur natural y azucarado",
    "url": "https://tienda.consum.es/es/p/yogur-natural-azucarado-pack-de-12-unidades/7199623",
    "price": 2.15,
    "reference_price": 1.43,
    "iva": 10,
    "reference_unit": "1 Kg",
    "date": "2023-01-17"
  },
  {
    "id": 7163,
    "name": "Yogur Natural Pack de 12 Unidades CONSUM",
    "description": "Yogur Natural Pack de 12 Unidades 12 x 125 Gr",
    "category": "Yogur natural y azucarado",
    "url": "https://tienda.consum.es/es/p/yogur-natural-pack-de-12-unidades/7199636",
    "price": 2.15,
    "reference_price": 1.43,
    "iva": 10,
    "reference_unit": "1 Kg",
    "date": "2023-01-17"
  },
  {
    "id": 7168,
    "name": "Taquitos de Chorizo EDIGAPA",
    "description": "Taquitos de Chorizo 100 Gr",
    "category": "Chorizo",
    "url": "https://tienda.consum.es/es/p/taquitos-de-chorizo/7199685",
    "price": 1.1,
    "reference_price": 11,
    "iva": 10,
    "reference_unit": "1 Kg",
    "date": "2023-01-17"
  },
  {
    "id": 7169,
    "name": "Rollo Bayeta Amarilla Multiusos CONSUM",
    "description": "Rollo Bayeta Amarilla Multiusos 1 U",
    "category": "Bayetas, gamuzas y plumeros",
    "url": "https://tienda.consum.es/es/p/rollo-bayeta-amarilla-multiusos/7199693",
    "price": 1.5,
    "reference_price": 1.5,
    "iva": 21,
    "reference_unit": "1 U",
    "date": "2023-01-17"
  },
  {
    "id": 7172,
    "name": "Yogur 00% con Frutas Pack de 12 Unidades CONSUM",
    "description": "Yogur 00% con Frutas Pack de 12 Unidades 12 x 125 Gr",
    "category": "Yogur frutas desnatado",
    "url": "https://tienda.consum.es/es/p/yogur-00-con-frutas-pack-de-12-unidades/7199771",
    "price": 3.19,
    "reference_price": 2.13,
    "iva": 10,
    "reference_unit": "1 Kg",
    "date": "2023-01-17"
  },
  {
    "id": 7178,
    "name": "Cuajada Natural Pack de 4 Unidades CONSUM",
    "description": "Cuajada Natural Pack de 4 Unidades 4 x 125 Gr",
    "category": "Cuajada",
    "url": "https://tienda.consum.es/es/p/cuajada-natural-pack-de-4-unidades/7200061",
    "price": 1.35,
    "reference_price": 2.7,
    "iva": 10,
    "reference_unit": "1 Kg",
    "date": "2023-01-17"
  },
  {
    "id": 7182,
    "name": "Pan Molde 100% Integral Sin Azúcar añadidos. CONSUM",
    "description": "Pan Molde 100% Integral Sin Azúcar añadidos. 460 Gr",
    "category": "Pan de molde integral y cereales",
    "url": "https://tienda.consum.es/es/p/pan-molde-100-integral-sin-azucar-anadidos/7200129",
    "price": 1.25,
    "reference_price": 2.72,
    "iva": 10,
    "reference_unit": "1 Kg",
    "date": "2023-01-17"
  },
  {
    "id": 7185,
    "name": "Filete de Caballa Sur Aceite de Oliva PESASUR",
    "description": "Filete de Caballa Sur Aceite de Oliva 80 Gr",
    "category": "Caballa y melva",
    "url": "https://tienda.consum.es/es/p/filete-de-caballa-sur-aceite-de-oliva/7200199",
    "price": 2.29,
    "reference_price": 28.63,
    "iva": 10,
    "reference_unit": "1 Kg",
    "date": "2023-01-17"
  },
  {
    "id": 7187,
    "name": "Huevas de Islandia Negras ROYAL",
    "description": "Huevas de Islandia Negras 50 Gr",
    "category": "Surimis y salazones",
    "url": "https://tienda.consum.es/es/p/huevas-de-islandia-negras/7200277",
    "price": 2.35,
    "reference_price": 47,
    "iva": 10,
    "reference_unit": "1 Kg",
    "date": "2023-01-17"
  },
  {
    "id": 7188,
    "name": "Sinmanchas Coloreadas Spray KH-7",
    "description": "Sinmanchas Coloreadas Spray 0,75 L",
    "category": "Aditivos y complementos",
    "url": "https://tienda.consum.es/es/p/sinmanchas-coloreadas-spray/7200280",
    "price": 4.2,
    "reference_price": 5.6,
    "iva": 21,
    "reference_unit": "1 L",
    "date": "2023-01-17"
  },
  {
    "id": 7189,
    "name": "Tinte 7.5 Rubio Dorado Caramelo PALETTE",
    "description": "Tinte 7.5 Rubio Dorado Caramelo 1 U",
    "category": "Coloración",
    "url": "https://tienda.consum.es/es/p/tinte-75-rubio-dorado-caramelo/7200322",
    "price": 4.29,
    "reference_price": 4.29,
    "iva": 21,
    "reference_unit": "1 U",
    "date": "2023-01-17"
  },
  {
    "id": 7190,
    "name": "Desodorante Fresh Roll On BYLY",
    "description": "Desodorante Fresh Roll On 50 ml",
    "category": "Roll on",
    "url": "https://tienda.consum.es/es/p/desodorante-fresh-roll-on/7200327",
    "price": 1.99,
    "reference_price": 3.98,
    "iva": 21,
    "reference_unit": "100 ml",
    "date": "2023-01-17"
  },
  {
    "id": 7192,
    "name": "Dentífrico Junior L.POLO",
    "description": "Dentífrico Junior 50 ml",
    "category": "Dentífricos",
    "url": "https://tienda.consum.es/es/p/dentifrico-junior/7200343",
    "price": 1.85,
    "reference_price": 3.7,
    "iva": 21,
    "reference_unit": "100 ml",
    "date": "2023-01-17"
  },
  {
    "id": 7196,
    "name": "Queso Mezcla Reserva 12 Meses L.Pasteurizada G.BAQUERO",
    "description": "Queso Mezcla Reserva 12 Meses L.Pasteurizada 200 Gr",
    "category": "Quesos Curados",
    "url": "https://tienda.consum.es/es/p/queso-mezcla-reserva-12-meses-lpasteurizada/7200579",
    "price": 4.28,
    "reference_price": 21.4,
    "iva": 0,
    "reference_unit": "1 Kg",
    "date": "2023-01-17"
  },
  {
    "id": 7197,
    "name": "Chorizo Ibérico Lonchas NAVIDUL",
    "description": "Chorizo Ibérico Lonchas 45 Gr",
    "category": "Chorizo",
    "url": "https://tienda.consum.es/es/p/chorizo-iberico-lonchas/7200629",
    "price": 1,
    "reference_price": 2.22,
    "iva": 10,
    "reference_unit": "100 Gr",
    "date": "2023-01-17"
  },
  {
    "id": 7198,
    "name": "Salchichón Ibérico Lonchas NAVIDUL",
    "description": "Salchichón Ibérico Lonchas 45 Gr",
    "category": "Ibéricos",
    "url": "https://tienda.consum.es/es/p/salchichon-iberico-lonchas/7200632",
    "price": 1,
    "reference_price": 2.22,
    "iva": 10,
    "reference_unit": "100 Gr",
    "date": "2023-01-17"
  },
  {
    "id": 7199,
    "name": "Salami Extra Lonchas REVILLA",
    "description": "Salami Extra Lonchas 65 Gr",
    "category": "Salchichón y salami",
    "url": "https://tienda.consum.es/es/p/salami-extra-lonchas/7200645",
    "price": 1,
    "reference_price": 15.38,
    "iva": 10,
    "reference_unit": "1 Kg",
    "date": "2023-01-17"
  },
  {
    "id": 7201,
    "name": "Chopped de Pavo Cuida-t Reducido en Sal CAMPOFRÍO",
    "description": "Chopped de Pavo Cuida-t Reducido en Sal 115 Gr",
    "category": "Fiambres ave",
    "url": "https://tienda.consum.es/es/p/chopped-de-pavo-cuida-t-reducido-en-sal/7200657",
    "price": 1,
    "reference_price": 8.7,
    "iva": 10,
    "reference_unit": "1 Kg",
    "date": "2023-01-17"
  },
  {
    "id": 7202,
    "name": "Gambas Peladas Medianas congeladas EXKIMO",
    "description": "Gambas Peladas Medianas congeladas 360 Gr",
    "category": "Pescados y mariscos",
    "url": "https://tienda.consum.es/es/p/gambas-peladas-medianas-congeladas/7200731",
    "price": 5.8,
    "reference_price": 16.11,
    "iva": 10,
    "reference_unit": "1 Kg",
    "date": "2023-01-17"
  },
  {
    "id": 7203,
    "name": "Gamba Pelada Grande congelada EXKIMO",
    "description": "Gamba Pelada Grande congelada 360 Gr",
    "category": "Pescados y mariscos",
    "url": "https://tienda.consum.es/es/p/gamba-pelada-grande-congelada/7200736",
    "price": 6.85,
    "reference_price": 19.03,
    "iva": 10,
    "reference_unit": "1 Kg",
    "date": "2023-01-17"
  },
  {
    "id": 7206,
    "name": "Ampollas Rescate Color Fuerza y Brillo PANTENE",
    "description": "Ampollas Rescate Color Fuerza y Brillo 15 ml",
    "category": "Serums, aceites y otros",
    "url": "https://tienda.consum.es/es/p/ampollas-rescate-color-fuerza-y-brillo/7201291",
    "price": 4,
    "reference_price": 26.67,
    "iva": 21,
    "reference_unit": "100 ml",
    "date": "2023-01-17"
  },
  {
    "id": 7208,
    "name": "Requesón GRANJA RINYA",
    "description": "Requesón 200 Gr",
    "category": "Frescos y para ensaladas",
    "url": "https://tienda.consum.es/es/p/requeson/7201460",
    "price": 1,
    "reference_price": 5,
    "iva": 10,
    "reference_unit": "1 Kg",
    "date": "2023-01-17"
  },
  {
    "id": 7210,
    "name": "Ampollas Flash Belleza Acción Inmediata KYREY",
    "description": "Ampollas Flash Belleza Acción Inmediata 4 ml",
    "category": "Tratamiento",
    "url": "https://tienda.consum.es/es/p/ampollas-flash-belleza-accion-inmediata/7201734",
    "price": 2.15,
    "reference_price": 53.75,
    "iva": 21,
    "reference_unit": "100 ml",
    "date": "2023-01-17"
  },
  {
    "id": 7211,
    "name": "Rodajas de Merluza congeladas NOS",
    "description": "Rodajas de Merluza congeladas 500 Gr",
    "category": "Pescados y mariscos",
    "url": "https://tienda.consum.es/es/p/rodajas-de-merluza-congeladas/7201775",
    "price": 4.49,
    "reference_price": 8.98,
    "iva": 10,
    "reference_unit": "1 Kg",
    "date": "2023-01-17"
  },
  {
    "id": 7212,
    "name": "Sepia Pequeña congelada M.MORENO",
    "description": "Sepia Pequeña congelada 360 Gr",
    "category": "Pescados y mariscos",
    "url": "https://tienda.consum.es/es/p/sepia-pequena-congelada/7201804",
    "price": 4.59,
    "reference_price": 12.75,
    "iva": 10,
    "reference_unit": "1 Kg",
    "date": "2023-01-17"
  },
  {
    "id": 7213,
    "name": "Supremas de Bacalao congeladas EXKIMO",
    "description": "Supremas de Bacalao congeladas 450 Gr",
    "category": "Pescados y mariscos",
    "url": "https://tienda.consum.es/es/p/supremas-de-bacalao-congeladas/7201890",
    "price": 7.59,
    "reference_price": 16.87,
    "iva": 10,
    "reference_unit": "1 Kg",
    "date": "2023-01-17"
  },
  {
    "id": 7214,
    "name": "Stick Mini Fuet CAMPOFRÍO",
    "description": "Stick Mini Fuet 50 Gr",
    "category": "Curado",
    "url": "https://tienda.consum.es/es/p/stick-mini-fuet/7201908",
    "price": 1.25,
    "reference_price": 25,
    "iva": 10,
    "reference_unit": "1 Kg",
    "date": "2023-01-17"
  },
  {
    "id": 7216,
    "name": "Galleta Mikado con Chocoleche LU",
    "description": "Galleta Mikado con Chocoleche 75 Gr",
    "category": "Galletas de chocolate",
    "url": "https://tienda.consum.es/es/p/galleta-mikado-con-chocoleche/7202034",
    "price": 1.85,
    "reference_price": 24.67,
    "iva": 10,
    "reference_unit": "1 Kg",
    "date": "2023-01-17"
  },
  {
    "id": 7222,
    "name": "Bolsas de Bocadillo CONSUM",
    "description": "Bolsas de Bocadillo 40 U",
    "category": "Bazar",
    "url": "https://tienda.consum.es/es/p/bolsas-de-bocadillo/7202505",
    "price": 1.2,
    "reference_price": 0.03,
    "iva": 21,
    "reference_unit": "1 U",
    "date": "2023-01-17"
  },
  {
    "id": 7223,
    "name": "Bolsa Congelación Mediana CONSUM",
    "description": "Bolsa Congelación Mediana 40 U",
    "category": "Bazar",
    "url": "https://tienda.consum.es/es/p/bolsa-congelacion-mediana/7202518",
    "price": 1,
    "reference_price": 0.03,
    "iva": 21,
    "reference_unit": "1 U",
    "date": "2023-01-17"
  },
  {
    "id": 7224,
    "name": "Bayeta Multiusos Suave Colores CONSUM",
    "description": "Bayeta Multiusos Suave Colores 6 U",
    "category": "Bayetas, gamuzas y plumeros",
    "url": "https://tienda.consum.es/es/p/bayeta-multiusos-suave-colores/7202534",
    "price": 0.85,
    "reference_price": 0.14,
    "iva": 21,
    "reference_unit": "1 U",
    "date": "2023-01-17"
  },
  {
    "id": 7228,
    "name": "Bebida Energetica BURN",
    "description": "Bebida Energetica 0,5 L",
    "category": "Energéticas",
    "url": "https://tienda.consum.es/es/p/bebida-energetica/7202737",
    "price": 1,
    "reference_price": 2,
    "iva": 21,
    "reference_unit": "1 L",
    "date": "2023-01-17"
  },
  {
    "id": 7236,
    "name": "Ajos Tiernos congelados COCINARTE",
    "description": "Ajos Tiernos congelados 300 Gr",
    "category": "Otras verduras",
    "url": "https://tienda.consum.es/es/p/ajos-tiernos-congelados/7203297",
    "price": 1.88,
    "reference_price": 6.27,
    "iva": 0,
    "reference_unit": "1 Kg",
    "date": "2023-01-17"
  },
  {
    "id": 7240,
    "name": "Ensaladilla Rusa con Atún CONSUM",
    "description": "Ensaladilla Rusa con Atún 250 Gr",
    "category": "Ensaladas y humus",
    "url": "https://tienda.consum.es/es/p/ensaladilla-rusa-con-atun/7203537",
    "price": 1.7,
    "reference_price": 6.8,
    "iva": 10,
    "reference_unit": "1 Kg",
    "date": "2023-01-17"
  },
  {
    "id": 7241,
    "name": "Ensaladilla Americana CONSUM",
    "description": "Ensaladilla Americana 250 Gr",
    "category": "Ensaladas y humus",
    "url": "https://tienda.consum.es/es/p/ensaladilla-americana/7203545",
    "price": 1.5,
    "reference_price": 6,
    "iva": 10,
    "reference_unit": "1 Kg",
    "date": "2023-01-17"
  },
  {
    "id": 7242,
    "name": "Ensaladilla Americana CONSUM",
    "description": "Ensaladilla Americana 450 Gr",
    "category": "Ensaladas y humus",
    "url": "https://tienda.consum.es/es/p/ensaladilla-americana/7203557",
    "price": 2.49,
    "reference_price": 5.53,
    "iva": 10,
    "reference_unit": "1 Kg",
    "date": "2023-01-17"
  },
  {
    "id": 7243,
    "name": "Ensaladilla de Cangrejo CONSUM",
    "description": "Ensaladilla de Cangrejo 250 Gr",
    "category": "Ensaladas y humus",
    "url": "https://tienda.consum.es/es/p/ensaladilla-de-cangrejo/7203560",
    "price": 1.8,
    "reference_price": 7.2,
    "iva": 10,
    "reference_unit": "1 Kg",
    "date": "2023-01-17"
  },
  {
    "id": 7244,
    "name": "Ensaladilla de Cangrejo CONSUM",
    "description": "Ensaladilla de Cangrejo 450 Gr",
    "category": "Ensaladas y humus",
    "url": "https://tienda.consum.es/es/p/ensaladilla-de-cangrejo/7203565",
    "price": 2.99,
    "reference_price": 6.64,
    "iva": 10,
    "reference_unit": "1 Kg",
    "date": "2023-01-17"
  },
  {
    "id": 7245,
    "name": "Gourmet Trufa, Setas y Queso RANA",
    "description": "Gourmet Trufa, Setas y Queso 250 Gr",
    "category": "Pasta fresca",
    "url": "https://tienda.consum.es/es/p/gourmet-trufa-setas-y-queso/7203649",
    "price": 4.06,
    "reference_price": 16.24,
    "iva": 5,
    "reference_unit": "1 Kg",
    "date": "2023-01-17"
  },
  {
    "id": 7246,
    "name": "Pizza Carbonara Masa Fina CONSUM",
    "description": "Pizza Carbonara Masa Fina 400 Gr",
    "category": "Pizza refrigerada",
    "url": "https://tienda.consum.es/es/p/pizza-carbonara-masa-fina/7203813",
    "price": 2.9,
    "reference_price": 7.25,
    "iva": 10,
    "reference_unit": "1 Kg",
    "date": "2023-01-17"
  },
  {
    "id": 7247,
    "name": "Pizza Pollo Masa Rústica al Horno de Piedra CONSUM",
    "description": "Pizza Pollo Masa Rústica al Horno de Piedra 400 Gr",
    "category": "Pizza refrigerada",
    "url": "https://tienda.consum.es/es/p/pizza-pollo-masa-rustica-al-horno-de-piedra/7203818",
    "price": 2.9,
    "reference_price": 7.25,
    "iva": 10,
    "reference_unit": "1 Kg",
    "date": "2023-01-17"
  },
  {
    "id": 7249,
    "name": "Galleta Choco Flakes CUETARA",
    "description": "Galleta Choco Flakes 520 Gr",
    "category": "Galletas de chocolate",
    "url": "https://tienda.consum.es/es/p/galleta-choco-flakes/7204431",
    "price": 3.49,
    "reference_price": 6.71,
    "iva": 10,
    "reference_unit": "1 Kg",
    "date": "2023-01-17"
  },
  {
    "id": 7251,
    "name": "Lasaña congelada Cuatro Quesos MAHESO",
    "description": "Lasaña congelada Cuatro Quesos 280 Gr",
    "category": "Canelones y lasañas",
    "url": "https://tienda.consum.es/es/p/lasana-congelada-cuatro-quesos/7204923",
    "price": 2.72,
    "reference_price": 9.71,
    "iva": 5,
    "reference_unit": "1 Kg",
    "date": "2023-01-17"
  },
  {
    "id": 7253,
    "name": "Verduras en Tempura congeladas COCINARTE",
    "description": "Verduras en Tempura congeladas 400 Gr",
    "category": "Platos preparados",
    "url": "https://tienda.consum.es/es/p/verduras-en-tempura-congeladas/7204956",
    "price": 2.55,
    "reference_price": 6.38,
    "iva": 10,
    "reference_unit": "1 Kg",
    "date": "2023-01-17"
  },
  {
    "id": 7254,
    "name": "Puntilla Enharinada congelada COCINARTE",
    "description": "Puntilla Enharinada congelada 300 Gr",
    "category": "Pescados y mariscos",
    "url": "https://tienda.consum.es/es/p/puntilla-enharinada-congelada/7204964",
    "price": 3.49,
    "reference_price": 11.63,
    "iva": 10,
    "reference_unit": "1 Kg",
    "date": "2023-01-17"
  },
  {
    "id": 7256,
    "name": "Delicias de Brotes Bolsa CONSUM",
    "description": "Delicias de Brotes Bolsa 100 Gr",
    "category": "Ensaladas y brotes",
    "url": "https://tienda.consum.es/es/p/delicias-de-brotes-bolsa/7205057",
    "price": 1.3,
    "reference_price": 13,
    "iva": 0,
    "reference_unit": "1 Kg",
    "date": "2023-01-17"
  },
  {
    "id": 7267,
    "name": "Pila Alcalina MINI A23 Pack de 1 unidad ENERGIZER",
    "description": "Pila Alcalina MINI A23 Pack de 1 unidad 1 U",
    "category": "Electricidad, pilas y bombillas",
    "url": "https://tienda.consum.es/es/p/pila-alcalina-mini-a23-pack-de-1-unidad/7205565",
    "price": 1.95,
    "reference_price": 1.95,
    "iva": 21,
    "reference_unit": "1 U",
    "date": "2023-01-17"
  },
  {
    "id": 7275,
    "name": "Cápsulas Melatonina NATURTIERRA",
    "description": "Cápsulas Melatonina 30 U",
    "category": "Fitoterapia",
    "url": "https://tienda.consum.es/es/p/capsulas-melatonina/7206956",
    "price": 3.99,
    "reference_price": 0.13,
    "iva": 10,
    "reference_unit": "1 U",
    "date": "2023-01-17"
  },
  {
    "id": 7276,
    "name": "Café Descafeinado Mezcla MARCILLA",
    "description": "Café Descafeinado Mezcla 200 Gr",
    "category": "Café Molido descafeinado",
    "url": "https://tienda.consum.es/es/p/cafe-descafeinado-mezcla/7207038",
    "price": 3.49,
    "reference_price": 17.45,
    "iva": 10,
    "reference_unit": "1 Kg",
    "date": "2023-01-17"
  },
  {
    "id": 7277,
    "name": "Café Descafeinado Natural MARCILLA",
    "description": "Café Descafeinado Natural 200 Gr",
    "category": "Café Molido descafeinado",
    "url": "https://tienda.consum.es/es/p/cafe-descafeinado-natural/7207046",
    "price": 3.49,
    "reference_price": 17.45,
    "iva": 10,
    "reference_unit": "1 Kg",
    "date": "2023-01-17"
  },
  {
    "id": 7278,
    "name": "Cereales Lion Caramelo y Chocolate NESTLE",
    "description": "Cereales Lion Caramelo y Chocolate 400 Gr",
    "category": "Cereales",
    "url": "https://tienda.consum.es/es/p/cereales-lion-caramelo-y-chocolate/7207074",
    "price": 3.59,
    "reference_price": 8.98,
    "iva": 10,
    "reference_unit": "1 Kg",
    "date": "2023-01-17"
  },
  {
    "id": 7280,
    "name": "Pizza Jamón y Queso con Salsa Cheddar CAMPOFRÍO",
    "description": "Pizza Jamón y Queso con Salsa Cheddar 360 Gr",
    "category": "Pizza refrigerada",
    "url": "https://tienda.consum.es/es/p/pizza-jamon-y-queso-con-salsa-cheddar/7207343",
    "price": 2.89,
    "reference_price": 8.03,
    "iva": 10,
    "reference_unit": "1 Kg",
    "date": "2023-01-17"
  },
  {
    "id": 7281,
    "name": "Mozzarella GALBANI",
    "description": "Mozzarella 100 Gr",
    "category": "Frescos y para ensaladas",
    "url": "https://tienda.consum.es/es/p/mozzarella/7207371",
    "price": 1.39,
    "reference_price": 13.9,
    "iva": 0,
    "reference_unit": "1 Kg",
    "date": "2023-01-17"
  },
  {
    "id": 7282,
    "name": "Sidra Extra Dorada EL GAITERO",
    "description": "Sidra Extra Dorada 0,75 L",
    "category": "Cavas y sidras",
    "url": "https://tienda.consum.es/es/p/sidra-extra-dorada/7207384",
    "price": 3.05,
    "reference_price": 4.07,
    "iva": 21,
    "reference_unit": "1 L",
    "date": "2023-01-17"
  },
  {
    "id": 7285,
    "name": "Snacks para Gatos Catisfaction de Salmón MARS",
    "description": "Snacks para Gatos Catisfaction de Salmón 60 Gr",
    "category": "Snacks",
    "url": "https://tienda.consum.es/es/p/snacks-para-gatos-catisfaction-de-salmon/7207579",
    "price": 1.69,
    "reference_price": 28.17,
    "iva": 10,
    "reference_unit": "1 Kg",
    "date": "2023-01-17"
  },
  {
    "id": 7286,
    "name": "Cerveza Tostada Botella. TURIA",
    "description": "Cerveza Tostada Botella. 0,25 L",
    "category": "Nacional botella",
    "url": "https://tienda.consum.es/es/p/cerveza-tostada-botella/7207637",
    "price": 0.6,
    "reference_price": 2.4,
    "iva": 21,
    "reference_unit": "1 L",
    "date": "2023-01-17"
  },
  {
    "id": 7287,
    "name": "Surtido de Bombones ",
    "description": "Surtido de Bombones",
    "category": "Chocolatinas y bombones",
    "url": "https://tienda.consum.es/es/p/surtido-de-bombones/7207694",
    "price": 34.9,
    "reference_price": 34.9,
    "iva": 10,
    "reference_unit": "1 Kg",
    "date": "2023-01-17"
  },
  {
    "id": 7290,
    "name": "Limpiador Gel WC Oceanico CONSUM",
    "description": "Limpiador Gel WC Oceanico 1 L",
    "category": "Limpieza baños",
    "url": "https://tienda.consum.es/es/p/limpiador-gel-wc-oceanico/7208155",
    "price": 1,
    "reference_price": 1,
    "iva": 21,
    "reference_unit": "1 L",
    "date": "2023-01-17"
  },
  {
    "id": 7295,
    "name": "Sobrasada Mallorca Loncheada EL ZAGAL",
    "description": "Sobrasada Mallorca Loncheada 65 Gr",
    "category": "Sobrasada",
    "url": "https://tienda.consum.es/es/p/sobrasada-mallorca-loncheada/7208502",
    "price": 1,
    "reference_price": 15.38,
    "iva": 10,
    "reference_unit": "1 Kg",
    "date": "2023-01-17"
  },
  {
    "id": 7296,
    "name": "Pechuga de Pollo B/G Lonchas CAMPOFRÍO",
    "description": "Pechuga de Pollo B/G Lonchas 80 Gr",
    "category": "Fiambres ave",
    "url": "https://tienda.consum.es/es/p/pechuga-de-pollo-b/g-lonchas/7208523",
    "price": 1,
    "reference_price": 12.5,
    "iva": 10,
    "reference_unit": "1 Kg",
    "date": "2023-01-17"
  },
  {
    "id": 7299,
    "name": "Chicle en Grageas Sabor Hierbabuena, Bote ORBIT",
    "description": "Chicle en Grageas Sabor Hierbabuena, Bote 84 Gr",
    "category": "Chicles, caramelos y gominolas",
    "url": "https://tienda.consum.es/es/p/chicle-en-grageas-sabor-hierbabuena-bote/7208676",
    "price": 2.99,
    "reference_price": 35.6,
    "iva": 10,
    "reference_unit": "1 Kg",
    "date": "2023-01-17"
  },
  {
    "id": 7300,
    "name": "Chicle en Grageas Sabor Menta, Bote ORBIT",
    "description": "Chicle en Grageas Sabor Menta, Bote 84 Gr",
    "category": "Chicles, caramelos y gominolas",
    "url": "https://tienda.consum.es/es/p/chicle-en-grageas-sabor-menta-bote/7208684",
    "price": 2.99,
    "reference_price": 35.6,
    "iva": 10,
    "reference_unit": "1 Kg",
    "date": "2023-01-17"
  },
  {
    "id": 7301,
    "name": "Mousse de Chocolate Nestlé Gold NESTLE",
    "description": "Mousse de Chocolate Nestlé Gold 4 x 57 Gr",
    "category": "Mousse",
    "url": "https://tienda.consum.es/es/p/mousse-de-chocolate-nestle-gold/7208697",
    "price": 2.69,
    "reference_price": 11.8,
    "iva": 10,
    "reference_unit": "1 Kg",
    "date": "2023-01-17"
  },
  {
    "id": 7304,
    "name": "Leche sin Lactosa Desnatada Brik CONSUM",
    "description": "Leche sin Lactosa Desnatada Brik 1 L",
    "category": "Desnatada",
    "url": "https://tienda.consum.es/es/p/leche-sin-lactosa-desnatada-brik/7208874",
    "price": 0.97,
    "reference_price": 0.97,
    "iva": 0,
    "reference_unit": "1 L",
    "date": "2023-01-17"
  },
  {
    "id": 7305,
    "name": "Tomate con Pimiento Verde Lata HIDA",
    "description": "Tomate con Pimiento Verde Lata 400 Gr",
    "category": "Tomate",
    "url": "https://tienda.consum.es/es/p/tomate-con-pimiento-verde-lata/7209302",
    "price": 1.25,
    "reference_price": 3.13,
    "iva": 10,
    "reference_unit": "1 Kg",
    "date": "2023-01-17"
  },
  {
    "id": 7306,
    "name": "Bayeta Posavajillas Antibacterias Decorada CONSUM",
    "description": "Bayeta Posavajillas Antibacterias Decorada 1 U",
    "category": "Bayetas, gamuzas y plumeros",
    "url": "https://tienda.consum.es/es/p/bayeta-posavajillas-antibacterias-decorada/7209377",
    "price": 1.15,
    "reference_price": 1.15,
    "iva": 21,
    "reference_unit": "1 U",
    "date": "2023-01-17"
  },
  {
    "id": 7310,
    "name": "Estropajos Acero Inox CONSUM",
    "description": "Estropajos Acero Inox 3 U",
    "category": "Estropajos",
    "url": "https://tienda.consum.es/es/p/estropajos-acero-inox/7209901",
    "price": 0.75,
    "reference_price": 0.25,
    "iva": 21,
    "reference_unit": "1 U",
    "date": "2023-01-17"
  },
  {
    "id": 7311,
    "name": "Néctar Piña Light Botella Pet CONSUM",
    "description": "Néctar Piña Light Botella Pet 1 L",
    "category": "Zumos y néctares sin azúcar",
    "url": "https://tienda.consum.es/es/p/nectar-pina-light-botella-pet/7209922",
    "price": 0.9,
    "reference_price": 0.9,
    "iva": 21,
    "reference_unit": "1 L",
    "date": "2023-01-17"
  },
  {
    "id": 7312,
    "name": "Néctar Naranja Light Pet CONSUM",
    "description": "Néctar Naranja Light Pet 1 L",
    "category": "Zumos y néctares sin azúcar",
    "url": "https://tienda.consum.es/es/p/nectar-naranja-light-pet/7209927",
    "price": 0.7,
    "reference_price": 0.7,
    "iva": 21,
    "reference_unit": "1 L",
    "date": "2023-01-17"
  },
  {
    "id": 7314,
    "name": "Néctar Mango Manzana Light Pet CONSUM",
    "description": "Néctar Mango Manzana Light Pet 1 L",
    "category": "Zumos y néctares sin azúcar",
    "url": "https://tienda.consum.es/es/p/nectar-mango-manzana-light-pet/7209943",
    "price": 0.85,
    "reference_price": 0.85,
    "iva": 21,
    "reference_unit": "1 L",
    "date": "2023-01-17"
  },
  {
    "id": 7316,
    "name": "Néctar Antiox Light Botella Pet CONSUM",
    "description": "Néctar Antiox Light Botella Pet 1 L",
    "category": "Zumos y néctares no refrigerados",
    "url": "https://tienda.consum.es/es/p/nectar-antiox-light-botella-pet/7209950",
    "price": 1.5,
    "reference_price": 1.5,
    "iva": 21,
    "reference_unit": "1 L",
    "date": "2023-01-17"
  },
  {
    "id": 7317,
    "name": "Zumo Exprimido Naranja Sin pulpa - Brik CONSUM",
    "description": "Zumo Exprimido Naranja Sin pulpa - Brik 1 L",
    "category": "Zumos y néctares no refrigerados",
    "url": "https://tienda.consum.es/es/p/zumo-exprimido-naranja-sin-pulpa---brik/7209984",
    "price": 1.05,
    "reference_price": 1.05,
    "iva": 10,
    "reference_unit": "1 L",
    "date": "2023-01-17"
  },
  {
    "id": 7319,
    "name": "Compresa Incontinencia Normal Discreet INDASEC",
    "description": "Compresa Incontinencia Normal Discreet 24 U",
    "category": "Compresas y protegeslips",
    "url": "https://tienda.consum.es/es/p/compresa-incontinencia-normal-discreet/7210086",
    "price": 5.99,
    "reference_price": 0.25,
    "iva": 10,
    "reference_unit": "1 U",
    "date": "2023-01-17"
  },
  {
    "id": 7320,
    "name": "Compresa Incontinencia Extra Discreet INDASEC",
    "description": "Compresa Incontinencia Extra Discreet 20 U",
    "category": "Compresas y protegeslips",
    "url": "https://tienda.consum.es/es/p/compresa-incontinencia-extra-discreet/7210094",
    "price": 5.99,
    "reference_price": 0.3,
    "iva": 10,
    "reference_unit": "1 U",
    "date": "2023-01-17"
  },
  {
    "id": 7328,
    "name": "Pechuga de Pavo Bonnatur ARGAL",
    "description": "Pechuga de Pavo Bonnatur 130 Gr",
    "category": "Fiambres ave",
    "url": "https://tienda.consum.es/es/p/pechuga-de-pavo-bonnatur/7210750",
    "price": 2.49,
    "reference_price": 19.15,
    "iva": 10,
    "reference_unit": "1 Kg",
    "date": "2023-01-17"
  },
  {
    "id": 7331,
    "name": "Loción Corporal en Gel Aloe Vera KYREY",
    "description": "Loción Corporal en Gel Aloe Vera 380 ml",
    "category": "Body-lociones",
    "url": "https://tienda.consum.es/es/p/locion-corporal-en-gel-aloe-vera/7210784",
    "price": 3.75,
    "reference_price": 0.99,
    "iva": 21,
    "reference_unit": "100 ml",
    "date": "2023-01-17"
  },
  {
    "id": 7332,
    "name": "Gomina Infantil CONSUM KIDS",
    "description": "Gomina Infantil 150 ml",
    "category": "Gel y cera",
    "url": "https://tienda.consum.es/es/p/gomina-infantil/7210789",
    "price": 1.75,
    "reference_price": 1.17,
    "iva": 21,
    "reference_unit": "100 ml",
    "date": "2023-01-17"
  },
  {
    "id": 7336,
    "name": "Fresh Cream Nata Fresca PRESIDENT",
    "description": "Fresh Cream Nata Fresca 200 Gr",
    "category": "Nata para cocinar",
    "url": "https://tienda.consum.es/es/p/fresh-cream-nata-fresca/7210909",
    "price": 2.7,
    "reference_price": 13.5,
    "iva": 10,
    "reference_unit": "1 Kg",
    "date": "2023-01-17"
  },
  {
    "id": 7337,
    "name": "Magdalenas Estilo Casero DULCESOL",
    "description": "Magdalenas Estilo Casero 300 Gr",
    "category": "Bollería industrial",
    "url": "https://tienda.consum.es/es/p/magdalenas-estilo-casero/7210917",
    "price": 2.29,
    "reference_price": 7.63,
    "iva": 10,
    "reference_unit": "1 Kg",
    "date": "2023-01-17"
  },
  {
    "id": 7340,
    "name": "Compresa Algodón Ultra Noche Super Alas KYREY",
    "description": "Compresa Algodón Ultra Noche Super Alas 10 U",
    "category": "Compresas y protegeslips",
    "url": "https://tienda.consum.es/es/p/compresa-algodon-ultra-noche-super-alas/7211050",
    "price": 1.37,
    "reference_price": 0.14,
    "iva": 4,
    "reference_unit": "1 U",
    "date": "2023-01-17"
  },
  {
    "id": 7341,
    "name": "Snacks Perros Funtastix FRISKIES",
    "description": "Snacks Perros Funtastix 175 Gr",
    "category": "Snacks",
    "url": "https://tienda.consum.es/es/p/snacks-perros-funtastix/7211068",
    "price": 2.2,
    "reference_price": 12.57,
    "iva": 10,
    "reference_unit": "1 Kg",
    "date": "2023-01-17"
  },
  {
    "id": 7356,
    "name": "Muslitos de Mar para Cocinar en Horno congelados PESCANOVA",
    "description": "Muslitos de Mar para Cocinar en Horno congelados 250 Gr",
    "category": "Palitos de surimi y gulas",
    "url": "https://tienda.consum.es/es/p/muslitos-de-mar-para-cocinar-en-horno-congelados/7211923",
    "price": 2.49,
    "reference_price": 9.96,
    "iva": 10,
    "reference_unit": "1 Kg",
    "date": "2023-01-17"
  },
  {
    "id": 7359,
    "name": "Champú Cabellos Blancos NELLY",
    "description": "Champú Cabellos Blancos 250 ml",
    "category": "Champú",
    "url": "https://tienda.consum.es/es/p/champu-cabellos-blancos/7212066",
    "price": 2.55,
    "reference_price": 1.02,
    "iva": 21,
    "reference_unit": "100 ml",
    "date": "2023-01-17"
  },
  {
    "id": 7364,
    "name": "Vino Blanco Verdejo D.O.Rueda PATA NEGRA",
    "description": "Vino Blanco Verdejo D.O.Rueda 0,75 L",
    "category": "Vinos d.o",
    "url": "https://tienda.consum.es/es/p/vino-blanco-verdejo-dorueda/7212327",
    "price": 4.99,
    "reference_price": 6.65,
    "iva": 21,
    "reference_unit": "1 L",
    "date": "2023-01-17"
  },
  {
    "id": 7365,
    "name": "Galleta Rellena Chocolate Príncipe LU",
    "description": "Galleta Rellena Chocolate Príncipe 300 Gr",
    "category": "Galletas de chocolate",
    "url": "https://tienda.consum.es/es/p/galleta-rellena-chocolate-principe/7212335",
    "price": 1.99,
    "reference_price": 6.63,
    "iva": 10,
    "reference_unit": "1 Kg",
    "date": "2023-01-17"
  },
  {
    "id": 7368,
    "name": "Spaghetti Pasta Fina Paquete GALLO",
    "description": "Spaghetti Pasta Fina Paquete 400 Gr",
    "category": "Macarrones, espaguetis y tallarines",
    "url": "https://tienda.consum.es/es/p/spaghetti-pasta-fina-paquete/7212483",
    "price": 1.33,
    "reference_price": 3.33,
    "iva": 5,
    "reference_unit": "1 Kg",
    "date": "2023-01-17"
  },
  {
    "id": 7371,
    "name": "Cepillo Complete 5 Áreas ORAL B",
    "description": "Cepillo Complete 5 Áreas 2 x 1 U",
    "category": "Cepillos de dientes",
    "url": "https://tienda.consum.es/es/p/cepillo-complete-5-areas/7212504",
    "price": 2.95,
    "reference_price": 1.48,
    "iva": 21,
    "reference_unit": "1 U",
    "date": "2023-01-17"
  },
  {
    "id": 7375,
    "name": "Queso Oveja Leche Cruda BDF CONSUM",
    "description": "Queso Oveja Leche Cruda BDF 250 Gr",
    "category": "Quesos Curados",
    "url": "https://tienda.consum.es/es/p/queso-oveja-leche-cruda-bdf/7212793",
    "price": 3.34,
    "reference_price": 13.36,
    "iva": 0,
    "reference_unit": "1 Kg",
    "date": "2023-01-17"
  },
  {
    "id": 7378,
    "name": "Extratierno de Pechuga Pollo CONSUM",
    "description": "Extratierno de Pechuga Pollo 350 Gr",
    "category": "Aves y conejo",
    "url": "https://tienda.consum.es/es/p/extratierno-de-pechuga-pollo/7213247",
    "price": 3.65,
    "reference_price": 10.43,
    "iva": 10,
    "reference_unit": "1 Kg",
    "date": "2023-01-17"
  },
  {
    "id": 7382,
    "name": "Jamón Cocido Delizias NOEL",
    "description": "Jamón Cocido Delizias 110 Gr",
    "category": "Jamón cocido - york",
    "url": "https://tienda.consum.es/es/p/jamon-cocido-delizias/7213304",
    "price": 2.19,
    "reference_price": 19.91,
    "iva": 10,
    "reference_unit": "1 Kg",
    "date": "2023-01-17"
  },
  {
    "id": 7383,
    "name": "Refresco Cola Cero Lata CONSUM",
    "description": "Refresco Cola Cero Lata 0,33 L",
    "category": "Cola",
    "url": "https://tienda.consum.es/es/p/refresco-cola-cero-lata/7213312",
    "price": 0.32,
    "reference_price": 0.97,
    "iva": 21,
    "reference_unit": "1 L",
    "date": "2023-01-17"
  },
  {
    "id": 7384,
    "name": "Cola Cero sin Cafeína Lata CONSUM",
    "description": "Cola Cero sin Cafeína Lata 0,33 L",
    "category": "Cola",
    "url": "https://tienda.consum.es/es/p/cola-cero-sin-cafeina-lata/7213320",
    "price": 0.32,
    "reference_price": 0.97,
    "iva": 21,
    "reference_unit": "1 L",
    "date": "2023-01-17"
  },
  {
    "id": 7385,
    "name": "Refresco Bitter Lata CONSUM",
    "description": "Refresco Bitter Lata 0,25 L",
    "category": "Bitter y ginger ale",
    "url": "https://tienda.consum.es/es/p/refresco-bitter-lata/7213325",
    "price": 0.49,
    "reference_price": 1.96,
    "iva": 21,
    "reference_unit": "1 L",
    "date": "2023-01-17"
  },
  {
    "id": 7394,
    "name": "Harina de Repostería Paquete GALLO",
    "description": "Harina de Repostería Paquete 1 Kg",
    "category": "Harinas y levaduras",
    "url": "https://tienda.consum.es/es/p/harina-de-reposteria-paquete/7213650",
    "price": 1.63,
    "reference_price": 1.63,
    "iva": 0,
    "reference_unit": "1 Kg",
    "date": "2023-01-17"
  },
  {
    "id": 7398,
    "name": "Activia 0% Cremoso Frutas Silvestres Pack 4 DANONE",
    "description": "Activia 0% Cremoso Frutas Silvestres Pack 4 4 x 120 Gr",
    "category": "Bífidus",
    "url": "https://tienda.consum.es/es/p/activia-0-cremoso-frutas-silvestres-pack-4/7213721",
    "price": 2.69,
    "reference_price": 5.6,
    "iva": 10,
    "reference_unit": "1 Kg",
    "date": "2023-01-17"
  },
  {
    "id": 7400,
    "name": "Activia 0% Cremoso Sabor Mango Pack 4 Un DANONE",
    "description": "Activia 0% Cremoso Sabor Mango Pack 4 Un 4 x 120 Gr",
    "category": "Bífidus",
    "url": "https://tienda.consum.es/es/p/activia-0-cremoso-sabor-mango-pack-4-un/7213739",
    "price": 2.69,
    "reference_price": 5.6,
    "iva": 10,
    "reference_unit": "1 Kg",
    "date": "2023-01-17"
  },
  {
    "id": 7401,
    "name": "Activia Cremoso Sabor Lima Limón DANONE",
    "description": "Activia Cremoso Sabor Lima Limón 4 x 115 Gr",
    "category": "Bífidus",
    "url": "https://tienda.consum.es/es/p/activia-cremoso-sabor-lima-limon/7213742",
    "price": 2.69,
    "reference_price": 5.85,
    "iva": 10,
    "reference_unit": "1 Kg",
    "date": "2023-01-17"
  },
  {
    "id": 7405,
    "name": "Queso Tierno Lonchas G.BAQUERO",
    "description": "Queso Tierno Lonchas 68 Gr",
    "category": "Barra y otros nacionales",
    "url": "https://tienda.consum.es/es/p/queso-tierno-lonchas/7213853",
    "price": 0.96,
    "reference_price": 14.12,
    "iva": 0,
    "reference_unit": "1 Kg",
    "date": "2023-01-17"
  },
  {
    "id": 7407,
    "name": "Mascarpone GALBANI",
    "description": "Mascarpone 250 Gr",
    "category": "Brie, camembert y cremosos",
    "url": "https://tienda.consum.es/es/p/mascarpone/7213866",
    "price": 3.65,
    "reference_price": 14.6,
    "iva": 0,
    "reference_unit": "1 Kg",
    "date": "2023-01-17"
  },
  {
    "id": 7415,
    "name": "Refresco de Lima-Limón Lata SPRITE",
    "description": "Refresco de Lima-Limón Lata 0,33 L",
    "category": "Limón y lima-limón",
    "url": "https://tienda.consum.es/es/p/refresco-de-lima-limon-lata/7214138",
    "price": 0.49,
    "reference_price": 1.48,
    "iva": 21,
    "reference_unit": "1 L",
    "date": "2023-01-17"
  },
  {
    "id": 7419,
    "name": "Filetes de Melva Aceite de Oliva PESASUR",
    "description": "Filetes de Melva Aceite de Oliva 80 Gr",
    "category": "Caballa y melva",
    "url": "https://tienda.consum.es/es/p/filetes-de-melva-aceite-de-oliva/7214427",
    "price": 3.39,
    "reference_price": 42.38,
    "iva": 10,
    "reference_unit": "1 Kg",
    "date": "2023-01-17"
  },
  {
    "id": 7421,
    "name": "Vino Tinto Reserva D.O.Valencia MURVIEDRO",
    "description": "Vino Tinto Reserva D.O.Valencia 0,75 L",
    "category": "Vinos d.o",
    "url": "https://tienda.consum.es/es/p/vino-tinto-reserva-dovalencia/7214620",
    "price": 4.25,
    "reference_price": 5.67,
    "iva": 21,
    "reference_unit": "1 L",
    "date": "2023-01-17"
  },
  {
    "id": 7424,
    "name": "Pañuelos de Bolsillo Original KLEENEX",
    "description": "Pañuelos de Bolsillo Original 12 U",
    "category": "Pañuelos y tissues",
    "url": "https://tienda.consum.es/es/p/panuelos-de-bolsillo-original/7214711",
    "price": 2.09,
    "reference_price": 0.17,
    "iva": 21,
    "reference_unit": "1 U",
    "date": "2023-01-17"
  },
  {
    "id": 7425,
    "name": "Philadelphia Natural Tarrina PHILADELPHIA",
    "description": "Philadelphia Natural Tarrina 350 Gr",
    "category": "Quesos Para untar",
    "url": "https://tienda.consum.es/es/p/philadelphia-natural-tarrina/7214757",
    "price": 3.55,
    "reference_price": 10.14,
    "iva": 0,
    "reference_unit": "1 Kg",
    "date": "2023-01-17"
  },
  {
    "id": 7426,
    "name": "Enjuague Bucal Dientes y Encías Sens. KYREY",
    "description": "Enjuague Bucal Dientes y Encías Sens. 500 ml",
    "category": "Higiene bucal",
    "url": "https://tienda.consum.es/es/p/enjuague-bucal-dientes-y-encias-sens/7214989",
    "price": 1.99,
    "reference_price": 0.4,
    "iva": 21,
    "reference_unit": "100 ml",
    "date": "2023-01-17"
  },
  {
    "id": 7427,
    "name": "Shii-Take Bandeja ",
    "description": "Shii-Take Bandeja 150 Gr",
    "category": "Champiñones y setas",
    "url": "https://tienda.consum.es/es/p/shii-take-bandeja/7215002",
    "price": 1.85,
    "reference_price": 12.33,
    "iva": 0,
    "reference_unit": "1 Kg",
    "date": "2023-01-17"
  },
  {
    "id": 7428,
    "name": "Leche Crecimiento Nativa 3 Galleta NESTLE",
    "description": "Leche Crecimiento Nativa 3 Galleta 1 L",
    "category": "Leche crecimiento infantil",
    "url": "https://tienda.consum.es/es/p/leche-crecimiento-nativa-3-galleta/7215031",
    "price": 1.75,
    "reference_price": 1.75,
    "iva": 10,
    "reference_unit": "1 L",
    "date": "2023-01-17"
  },
  {
    "id": 7430,
    "name": "Agua Micelar GARNIER",
    "description": "Agua Micelar 400 ml",
    "category": "Limpieza y desmaquilladores",
    "url": "https://tienda.consum.es/es/p/agua-micelar/7215143",
    "price": 4.45,
    "reference_price": 1.11,
    "iva": 21,
    "reference_unit": "100 ml",
    "date": "2023-01-17"
  },
  {
    "id": 7435,
    "name": "Protector Térmico NELLY",
    "description": "Protector Térmico 200 ml",
    "category": "Serums, aceites y otros",
    "url": "https://tienda.consum.es/es/p/protector-termico/7215358",
    "price": 3.15,
    "reference_price": 1.58,
    "iva": 21,
    "reference_unit": "100 ml",
    "date": "2023-01-17"
  },
  {
    "id": 7437,
    "name": "Tomate Frito Brik SOLIS",
    "description": "Tomate Frito Brik 350 Gr",
    "category": "Tomate",
    "url": "https://tienda.consum.es/es/p/tomate-frito-brik/7215416",
    "price": 0.75,
    "reference_price": 2.14,
    "iva": 10,
    "reference_unit": "1 Kg",
    "date": "2023-01-17"
  },
  {
    "id": 7442,
    "name": "Galleta Dorada Marbú 0% Azúcares MARBU",
    "description": "Galleta Dorada Marbú 0% Azúcares 400 Gr",
    "category": "Desayuno y maría",
    "url": "https://tienda.consum.es/es/p/galleta-dorada-marbu-0-azucares/7215577",
    "price": 3.8,
    "reference_price": 9.5,
    "iva": 10,
    "reference_unit": "1 Kg",
    "date": "2023-01-17"
  },
  {
    "id": 7448,
    "name": "Cuerda para Tendedero 10 Metros con Tensor METALTEX",
    "description": "Cuerda para Tendedero 10 Metros con Tensor 1 U",
    "category": "Útiles de limpieza",
    "url": "https://tienda.consum.es/es/p/cuerda-para-tendedero-10-metros-con-tensor/7215924",
    "price": 1.49,
    "reference_price": 1.49,
    "iva": 21,
    "reference_unit": "1 U",
    "date": "2023-01-17"
  },
  {
    "id": 7449,
    "name": "Dentífrico Anticaries Máxima Protección COLGATE",
    "description": "Dentífrico Anticaries Máxima Protección 75 ml",
    "category": "Dentífricos",
    "url": "https://tienda.consum.es/es/p/dentifrico-anticaries-maxima-proteccion/7216083",
    "price": 2.25,
    "reference_price": 3,
    "iva": 21,
    "reference_unit": "100 ml",
    "date": "2023-01-17"
  },
  {
    "id": 7450,
    "name": "Rúcula Bolsa CONSUM",
    "description": "Rúcula Bolsa 50 Gr",
    "category": "Ensaladas y brotes",
    "url": "https://tienda.consum.es/es/p/rucula-bolsa/7216125",
    "price": 0.72,
    "reference_price": 14.4,
    "iva": 0,
    "reference_unit": "1 Kg",
    "date": "2023-01-17"
  },
  {
    "id": 7456,
    "name": "Té Chai 20 Bolsitas HORNIMANS",
    "description": "Té Chai 20 Bolsitas 20 U",
    "category": "Té",
    "url": "https://tienda.consum.es/es/p/te-chai-20-bolsitas/7216455",
    "price": 2.79,
    "reference_price": 0.14,
    "iva": 10,
    "reference_unit": "1 U",
    "date": "2023-01-17"
  },
  {
    "id": 7457,
    "name": "Chocolate con Chips Ahoy MILKA",
    "description": "Chocolate con Chips Ahoy 100 Gr",
    "category": "Tabletas",
    "url": "https://tienda.consum.es/es/p/chocolate-con-chips-ahoy/7216489",
    "price": 1.3,
    "reference_price": 13,
    "iva": 10,
    "reference_unit": "1 Kg",
    "date": "2023-01-17"
  },
  {
    "id": 7460,
    "name": "Cuajada de Oveja GOSHUA",
    "description": "Cuajada de Oveja 140 Gr",
    "category": "Cuajada",
    "url": "https://tienda.consum.es/es/p/cuajada-de-oveja/7216539",
    "price": 1.29,
    "reference_price": 9.21,
    "iva": 10,
    "reference_unit": "1 Kg",
    "date": "2023-01-17"
  },
  {
    "id": 7463,
    "name": "Higiénico Doble Capa Compacto CONSUM",
    "description": "Higiénico Doble Capa Compacto 6 U",
    "category": "Papel higiénico",
    "url": "https://tienda.consum.es/es/p/higienico-doble-capa-compacto/7216661",
    "price": 2.55,
    "reference_price": 0.43,
    "iva": 21,
    "reference_unit": "1 U",
    "date": "2023-01-17"
  },
  {
    "id": 7464,
    "name": "Higiénico Doble Capa Compacto CONSUM",
    "description": "Higiénico Doble Capa Compacto 12 U",
    "category": "Papel higiénico",
    "url": "https://tienda.consum.es/es/p/higienico-doble-capa-compacto/7216666",
    "price": 5,
    "reference_price": 0.42,
    "iva": 21,
    "reference_unit": "1 U",
    "date": "2023-01-17"
  },
  {
    "id": 7468,
    "name": "Bolsa Congelación Zip Pequeña CONSUM",
    "description": "Bolsa Congelación Zip Pequeña 20 U",
    "category": "Bazar",
    "url": "https://tienda.consum.es/es/p/bolsa-congelacion-zip-pequena/7216794",
    "price": 1.4,
    "reference_price": 0.07,
    "iva": 21,
    "reference_unit": "1 U",
    "date": "2023-01-17"
  },
  {
    "id": 7471,
    "name": "Ensalada Taboulé CONSUM",
    "description": "Ensalada Taboulé 400 Gr",
    "category": "Ensaladas y humus",
    "url": "https://tienda.consum.es/es/p/ensalada-taboule/7216955",
    "price": 3.15,
    "reference_price": 7.88,
    "iva": 10,
    "reference_unit": "1 Kg",
    "date": "2023-01-17"
  },
  {
    "id": 7473,
    "name": "Jabón Líquido Manos Oceánico KYREY",
    "description": "Jabón Líquido Manos Oceánico 300 ml",
    "category": "Gel de manos",
    "url": "https://tienda.consum.es/es/p/jabon-liquido-manos-oceanico/7217099",
    "price": 1.35,
    "reference_price": 0.45,
    "iva": 21,
    "reference_unit": "100 ml",
    "date": "2023-01-17"
  },
  {
    "id": 7475,
    "name": "Jabón Líquido Manos Sandía KYREY",
    "description": "Jabón Líquido Manos Sandía 300 ml",
    "category": "Gel de manos",
    "url": "https://tienda.consum.es/es/p/jabon-liquido-manos-sandia/7217107",
    "price": 1.35,
    "reference_price": 0.45,
    "iva": 21,
    "reference_unit": "100 ml",
    "date": "2023-01-17"
  },
  {
    "id": 7476,
    "name": "Vino Tinto Joven D.O.Mancha CARLADES",
    "description": "Vino Tinto Joven D.O.Mancha 0,75 L",
    "category": "Vinos d.o",
    "url": "https://tienda.consum.es/es/p/vino-tinto-joven-domancha/7217123",
    "price": 1.4,
    "reference_price": 1.87,
    "iva": 21,
    "reference_unit": "1 L",
    "date": "2023-01-17"
  },
  {
    "id": 7478,
    "name": "Queso Tierno Bajo en Sal Leche Pasteurizada CONSUM",
    "description": "Queso Tierno Bajo en Sal Leche Pasteurizada 250 Gr",
    "category": "Tiernos y light",
    "url": "https://tienda.consum.es/es/p/queso-tierno-bajo-en-sal-leche-pasteurizada/7217164",
    "price": 2.41,
    "reference_price": 9.64,
    "iva": 0,
    "reference_unit": "1 Kg",
    "date": "2023-01-17"
  },
  {
    "id": 7481,
    "name": "Desodorante Stick Barra Dermo Protector SANEX",
    "description": "Desodorante Stick Barra Dermo Protector 65 ml",
    "category": "Crema y barra",
    "url": "https://tienda.consum.es/es/p/desodorante-stick-barra-dermo-protector/7217490",
    "price": 3.39,
    "reference_price": 5.22,
    "iva": 21,
    "reference_unit": "100 ml",
    "date": "2023-01-17"
  },
  {
    "id": 7487,
    "name": "Pizza congelada Ristorante Spinaci DR.OETKER",
    "description": "Pizza congelada Ristorante Spinaci 390 Gr",
    "category": "Pizza congelada",
    "url": "https://tienda.consum.es/es/p/pizza-congelada-ristorante-spinaci/7217656",
    "price": 4.25,
    "reference_price": 10.9,
    "iva": 10,
    "reference_unit": "1 Kg",
    "date": "2023-01-17"
  },
  {
    "id": 7488,
    "name": "Pizza congelada Ristorante Barbacoa DR.OETKER",
    "description": "Pizza congelada Ristorante Barbacoa 340 Gr",
    "category": "Pizza congelada",
    "url": "https://tienda.consum.es/es/p/pizza-congelada-ristorante-barbacoa/7217669",
    "price": 4.25,
    "reference_price": 12.5,
    "iva": 10,
    "reference_unit": "1 Kg",
    "date": "2023-01-17"
  },
  {
    "id": 7489,
    "name": "Tinte Rubio Medio Tofee PALETTE",
    "description": "Tinte Rubio Medio Tofee 1 U",
    "category": "Coloración",
    "url": "https://tienda.consum.es/es/p/tinte-rubio-medio-tofee/7217763",
    "price": 4.29,
    "reference_price": 4.29,
    "iva": 21,
    "reference_unit": "1 U",
    "date": "2023-01-17"
  },
  {
    "id": 7492,
    "name": "Servilletas 2 Capas Decoradas 33x32 CONSUM",
    "description": "Servilletas 2 Capas Decoradas 33x32 100 U",
    "category": "Servilletas de papel",
    "url": "https://tienda.consum.es/es/p/servilletas-2-capas-decoradas-33x32/7217920",
    "price": 2.25,
    "reference_price": 0.02,
    "iva": 21,
    "reference_unit": "1 U",
    "date": "2023-01-17"
  },
  {
    "id": 7494,
    "name": "Pan con 5 Semillas Masa Madre ",
    "description": "Pan con 5 Semillas Masa Madre 265 Gr",
    "category": "Pan de horno",
    "url": "https://tienda.consum.es/es/p/pan-con-5-semillas-masa-madre/7218142",
    "price": 1.35,
    "reference_price": 5.09,
    "iva": 10,
    "reference_unit": "1 Kg",
    "date": "2023-01-17"
  },
  {
    "id": 7496,
    "name": "Risketos de Queso Paquete RISI",
    "description": "Risketos de Queso Paquete 120 Gr",
    "category": "Snacks y otros aperitivos",
    "url": "https://tienda.consum.es/es/p/risketos-de-queso-paquete/7218423",
    "price": 1.16,
    "reference_price": 9.67,
    "iva": 10,
    "reference_unit": "1 Kg",
    "date": "2023-01-17"
  },
  {
    "id": 7498,
    "name": "Cerveza Radler Limón Lata AMSTEL",
    "description": "Cerveza Radler Limón Lata 0,33 L",
    "category": "Importación lata",
    "url": "https://tienda.consum.es/es/p/cerveza-radler-limon-lata/7218758",
    "price": 0.75,
    "reference_price": 2.27,
    "iva": 21,
    "reference_unit": "1 L",
    "date": "2023-01-17"
  },
  {
    "id": 7501,
    "name": "Bebida de Avena Brik VIVESOY",
    "description": "Bebida de Avena Brik 1 L",
    "category": "Bebidas vegetales",
    "url": "https://tienda.consum.es/es/p/bebida-de-avena-brik/7219264",
    "price": 1.99,
    "reference_price": 1.99,
    "iva": 10,
    "reference_unit": "1 L",
    "date": "2023-01-17"
  },
  {
    "id": 7502,
    "name": "Tinte Color Sensation Nº 8.1 Rubio Claro Ceniza GARNIER",
    "description": "Tinte Color Sensation Nº 8.1 Rubio Claro Ceniza 1 U",
    "category": "Coloración",
    "url": "https://tienda.consum.es/es/p/tinte-color-sensation-n-81-rubio-claro-ceniza/7219314",
    "price": 3.5,
    "reference_price": 3.5,
    "iva": 21,
    "reference_unit": "1 U",
    "date": "2023-01-17"
  },
  {
    "id": 7503,
    "name": "Enjuague Bucal Plax Multiprotección COLGATE",
    "description": "Enjuague Bucal Plax Multiprotección 500 ml",
    "category": "Antisépticos y enjuagues",
    "url": "https://tienda.consum.es/es/p/enjuague-bucal-plax-multiproteccion/7219447",
    "price": 5.25,
    "reference_price": 1.05,
    "iva": 21,
    "reference_unit": "100 ml",
    "date": "2023-01-17"
  },
  {
    "id": 7505,
    "name": "Alcachofa Baby congelada CONSUM",
    "description": "Alcachofa Baby congelada 300 Gr",
    "category": "Espinacas,coles y alcachofas",
    "url": "https://tienda.consum.es/es/p/alcachofa-baby-congelada/7219475",
    "price": 2.99,
    "reference_price": 9.97,
    "iva": 0,
    "reference_unit": "1 Kg",
    "date": "2023-01-17"
  },
  {
    "id": 7507,
    "name": "Habas Finas congeladas CONSUM",
    "description": "Habas Finas congeladas 400 Gr",
    "category": "Guisantes, judías y habas",
    "url": "https://tienda.consum.es/es/p/habas-finas-congeladas/7219488",
    "price": 1.2,
    "reference_price": 3,
    "iva": 0,
    "reference_unit": "1 Kg",
    "date": "2023-01-17"
  },
  {
    "id": 7508,
    "name": "Cebolla Troceada congelada CONSUM",
    "description": "Cebolla Troceada congelada 400 Gr",
    "category": "Otras verduras",
    "url": "https://tienda.consum.es/es/p/cebolla-troceada-congelada/7219491",
    "price": 1.2,
    "reference_price": 3,
    "iva": 0,
    "reference_unit": "1 Kg",
    "date": "2023-01-17"
  },
  {
    "id": 7510,
    "name": "Alcachofa Troceada congelada CONSUM",
    "description": "Alcachofa Troceada congelada 400 Gr",
    "category": "Espinacas,coles y alcachofas",
    "url": "https://tienda.consum.es/es/p/alcachofa-troceada-congelada/7219504",
    "price": 2.02,
    "reference_price": 5.05,
    "iva": 0,
    "reference_unit": "1 Kg",
    "date": "2023-01-17"
  },
  {
    "id": 7512,
    "name": "Guisantes Finos congelados CONSUM",
    "description": "Guisantes Finos congelados 1 Kg",
    "category": "Guisantes, judías y habas",
    "url": "https://tienda.consum.es/es/p/guisantes-finos-congelados/7219512",
    "price": 1.78,
    "reference_price": 1.78,
    "iva": 0,
    "reference_unit": "1 Kg",
    "date": "2023-01-17"
  },
  {
    "id": 7516,
    "name": "Garbanzos congelados CONSUM",
    "description": "Garbanzos congelados 400 Gr",
    "category": "Otras verduras",
    "url": "https://tienda.consum.es/es/p/garbanzos-congelados/7219566",
    "price": 1.39,
    "reference_price": 3.48,
    "iva": 0,
    "reference_unit": "1 Kg",
    "date": "2023-01-17"
  },
  {
    "id": 7517,
    "name": "Aceite de Oliva Intenso CARBONELL",
    "description": "Aceite de Oliva Intenso 1 L",
    "category": "Aceite de oliva 0, 4 y 1º",
    "url": "https://tienda.consum.es/es/p/aceite-de-oliva-intenso/7219686",
    "price": 6.63,
    "reference_price": 6.63,
    "iva": 5,
    "reference_unit": "1 L",
    "date": "2023-01-17"
  },
  {
    "id": 7519,
    "name": "Bayeta Microfibra Style VILEDA",
    "description": "Bayeta Microfibra Style 2 U",
    "category": "Bayetas, gamuzas y plumeros",
    "url": "https://tienda.consum.es/es/p/bayeta-microfibra-style/7219707",
    "price": 2.69,
    "reference_price": 1.35,
    "iva": 21,
    "reference_unit": "1 U",
    "date": "2023-01-17"
  },
  {
    "id": 7523,
    "name": "Barbacoa Desechable BBQ/FOC D´OR",
    "description": "Barbacoa Desechable 1 U",
    "category": "Barbacoa, piscina y playa",
    "url": "https://tienda.consum.es/es/p/barbacoa-desechable/7219822",
    "price": 5.79,
    "reference_price": 5.79,
    "iva": 21,
    "reference_unit": "1 U",
    "date": "2023-01-17"
  },
  {
    "id": 7526,
    "name": "Mayonesa Ajonesa Bote CHOVI",
    "description": "Mayonesa Ajonesa Bote 400 ml",
    "category": "Otras salsas",
    "url": "https://tienda.consum.es/es/p/mayonesa-ajonesa-bote/7219884",
    "price": 3.49,
    "reference_price": 8.73,
    "iva": 10,
    "reference_unit": "1 L",
    "date": "2023-01-17"
  },
  {
    "id": 7528,
    "name": "Nata Líquida Cocinar Brik CONSUM",
    "description": "Nata Líquida Cocinar Brik 500 ml",
    "category": "Nata para cocinar",
    "url": "https://tienda.consum.es/es/p/nata-liquida-cocinar-brik/7219954",
    "price": 1.45,
    "reference_price": 2.9,
    "iva": 10,
    "reference_unit": "1 L",
    "date": "2023-01-17"
  },
  {
    "id": 7535,
    "name": "Ensalada Pasta y Rucula FLORETTE",
    "description": "Ensalada Pasta y Rucula 320 Gr",
    "category": "Ensaladas preparadas y guacamole",
    "url": "https://tienda.consum.es/es/p/ensalada-pasta-y-rucula/7220221",
    "price": 3.3,
    "reference_price": 10.31,
    "iva": 10,
    "reference_unit": "1 Kg",
    "date": "2023-01-17"
  },
  {
    "id": 7537,
    "name": "Tomate Frito Artesanal Frasco LAS CORONAS",
    "description": "Tomate Frito Artesanal Frasco 300 Gr",
    "category": "Tomate",
    "url": "https://tienda.consum.es/es/p/tomate-frito-artesanal-frasco/7220515",
    "price": 1.65,
    "reference_price": 5.5,
    "iva": 10,
    "reference_unit": "1 Kg",
    "date": "2023-01-17"
  },
  {
    "id": 7538,
    "name": "Judías Plana Troceada congeladas CONSUM",
    "description": "Judías Plana Troceada congeladas 1 Kg",
    "category": "Guisantes, judías y habas",
    "url": "https://tienda.consum.es/es/p/judias-plana-troceada-congeladas/7220643",
    "price": 1.49,
    "reference_price": 1.49,
    "iva": 0,
    "reference_unit": "1 Kg",
    "date": "2023-01-17"
  },
  {
    "id": 7539,
    "name": "Judía Fina Troceada congelada CONSUM",
    "description": "Judía Fina Troceada congelada 1 Kg",
    "category": "Guisantes, judías y habas",
    "url": "https://tienda.consum.es/es/p/judia-fina-troceada-congelada/7220648",
    "price": 1.49,
    "reference_price": 1.49,
    "iva": 0,
    "reference_unit": "1 Kg",
    "date": "2023-01-17"
  },
  {
    "id": 7540,
    "name": "Espinacas Cortadas congeladas CONSUM",
    "description": "Espinacas Cortadas congeladas 400 Gr",
    "category": "Espinacas,coles y alcachofas",
    "url": "https://tienda.consum.es/es/p/espinacas-cortadas-congeladas/7220650",
    "price": 1.06,
    "reference_price": 2.65,
    "iva": 0,
    "reference_unit": "1 Kg",
    "date": "2023-01-17"
  },
  {
    "id": 7541,
    "name": "Ensaladilla congelada CONSUM",
    "description": "Ensaladilla congelada 1 Kg",
    "category": "Menestras y ensaladillas",
    "url": "https://tienda.consum.es/es/p/ensaladilla-congelada/7220655",
    "price": 1.09,
    "reference_price": 1.09,
    "iva": 0,
    "reference_unit": "1 Kg",
    "date": "2023-01-17"
  },
  {
    "id": 7542,
    "name": "Menestra con Espárrago congelada CONSUM",
    "description": "Menestra con Espárrago congelada 600 Gr",
    "category": "Menestras y ensaladillas",
    "url": "https://tienda.consum.es/es/p/menestra-con-esparrago-congelada/7220668",
    "price": 1.49,
    "reference_price": 2.48,
    "iva": 0,
    "reference_unit": "1 Kg",
    "date": "2023-01-17"
  },
  {
    "id": 7543,
    "name": "Garrofón congelado CONSUM",
    "description": "Garrofón congelado 400 Gr",
    "category": "Otras verduras",
    "url": "https://tienda.consum.es/es/p/garrofon-congelado/7220676",
    "price": 1.39,
    "reference_price": 3.48,
    "iva": 0,
    "reference_unit": "1 Kg",
    "date": "2023-01-17"
  },
  {
    "id": 7544,
    "name": "Menestra de Verduras congelada CONSUM",
    "description": "Menestra de Verduras congelada 1 Kg",
    "category": "Menestras y ensaladillas",
    "url": "https://tienda.consum.es/es/p/menestra-de-verduras-congelada/7220697",
    "price": 1.58,
    "reference_price": 1.58,
    "iva": 0,
    "reference_unit": "1 Kg",
    "date": "2023-01-17"
  },
  {
    "id": 7545,
    "name": "Magro de Cerdo Lata APIS",
    "description": "Magro de Cerdo Lata 220 Gr",
    "category": "Conservas",
    "url": "https://tienda.consum.es/es/p/magro-de-cerdo-lata/7220700",
    "price": 2.79,
    "reference_price": 12.68,
    "iva": 10,
    "reference_unit": "1 Kg",
    "date": "2023-01-17"
  },
  {
    "id": 7546,
    "name": "Desodorante Roll On Men Active SANEX",
    "description": "Desodorante Roll On Men Active 50 ml",
    "category": "Roll on",
    "url": "https://tienda.consum.es/es/p/desodorante-roll-on-men-active/7220718",
    "price": 1.75,
    "reference_price": 3.5,
    "iva": 21,
    "reference_unit": "100 ml",
    "date": "2023-01-17"
  },
  {
    "id": 7547,
    "name": "Desodorante Roll On Extra Control microtalco SANEX",
    "description": "Desodorante Roll On Extra Control microtalco 50 ml",
    "category": "Roll on",
    "url": "https://tienda.consum.es/es/p/desodorante-roll-on-extra-control-microtalco/7220734",
    "price": 1.75,
    "reference_price": 3.5,
    "iva": 21,
    "reference_unit": "100 ml",
    "date": "2023-01-17"
  },
  {
    "id": 7548,
    "name": "Desodorante Roll On Dermo Invisible SANEX",
    "description": "Desodorante Roll On Dermo Invisible 50 ml",
    "category": "Roll on",
    "url": "https://tienda.consum.es/es/p/desodorante-roll-on-dermo-invisible/7220742",
    "price": 2.25,
    "reference_price": 4.5,
    "iva": 21,
    "reference_unit": "100 ml",
    "date": "2023-01-17"
  },
  {
    "id": 7549,
    "name": "Desodorante Roll On Dermo Sensitive SANEX",
    "description": "Desodorante Roll On Dermo Sensitive 50 ml",
    "category": "Spray",
    "url": "https://tienda.consum.es/es/p/desodorante-roll-on-dermo-sensitive/7220747",
    "price": 1.75,
    "reference_price": 3.5,
    "iva": 21,
    "reference_unit": "100 ml",
    "date": "2023-01-17"
  },
  {
    "id": 7552,
    "name": "Cerezas Grageas FINI",
    "description": "Cerezas Grageas 80 Gr",
    "category": "Chicles, caramelos y gominolas",
    "url": "https://tienda.consum.es/es/p/cerezas-grageas/7220791",
    "price": 0.99,
    "reference_price": 12.38,
    "iva": 10,
    "reference_unit": "1 Kg",
    "date": "2023-01-17"
  },
  {
    "id": 7553,
    "name": "Deli Jelly FINI",
    "description": "Deli Jelly 80 Gr",
    "category": "Chicles, caramelos y gominolas",
    "url": "https://tienda.consum.es/es/p/deli-jelly/7220796",
    "price": 0.99,
    "reference_price": 12.38,
    "iva": 10,
    "reference_unit": "1 Kg",
    "date": "2023-01-17"
  },
  {
    "id": 7554,
    "name": "Galleta Tosta Rica Caja CUETARA",
    "description": "Galleta Tosta Rica Caja 570 Gr",
    "category": "Desayuno y merienda infantil",
    "url": "https://tienda.consum.es/es/p/galleta-tosta-rica-caja/7220809",
    "price": 3,
    "reference_price": 5.26,
    "iva": 10,
    "reference_unit": "1 Kg",
    "date": "2023-01-17"
  },
  {
    "id": 7555,
    "name": "Pan Hamburguesa 4 Unidades BIMBO",
    "description": "Pan Hamburguesa 4 Unidades 220 Gr",
    "category": "Pan de hamburguesa, hot dog y wraps",
    "url": "https://tienda.consum.es/es/p/pan-hamburguesa-4-unidades/7220812",
    "price": 1.79,
    "reference_price": 8.14,
    "iva": 10,
    "reference_unit": "1 Kg",
    "date": "2023-01-17"
  },
  {
    "id": 7561,
    "name": "Bebida Energética Lata CONTACT",
    "description": "Bebida Energética Lata 0,25 L",
    "category": "Energéticas",
    "url": "https://tienda.consum.es/es/p/bebida-energetica-lata/7221005",
    "price": 0.45,
    "reference_price": 1.8,
    "iva": 21,
    "reference_unit": "1 L",
    "date": "2023-01-17"
  },
  {
    "id": 7567,
    "name": "Vino Blanco Aguja Espumoso SANDARA",
    "description": "Vino Blanco Aguja Espumoso 0,75 L",
    "category": "Vinos de aguja",
    "url": "https://tienda.consum.es/es/p/vino-blanco-aguja-espumoso/7221443",
    "price": 4.99,
    "reference_price": 6.65,
    "iva": 21,
    "reference_unit": "1 L",
    "date": "2023-01-17"
  },
  {
    "id": 7568,
    "name": "Vino Rosado Aguja Espumoso SANDARA",
    "description": "Vino Rosado Aguja Espumoso 0,75 L",
    "category": "Vinos de aguja",
    "url": "https://tienda.consum.es/es/p/vino-rosado-aguja-espumoso/7221448",
    "price": 4.99,
    "reference_price": 6.65,
    "iva": 21,
    "reference_unit": "1 L",
    "date": "2023-01-17"
  },
  {
    "id": 7569,
    "name": "Mini Brocheta Grill CONSUM",
    "description": "Mini Brocheta Grill 240 Gr",
    "category": "Aves y conejo",
    "url": "https://tienda.consum.es/es/p/mini-brocheta-grill/7221489",
    "price": 2.85,
    "reference_price": 11.88,
    "iva": 10,
    "reference_unit": "1 Kg",
    "date": "2023-01-17"
  },
  {
    "id": 7570,
    "name": "Mini Brocheta Primavera CONSUM",
    "description": "Mini Brocheta Primavera 240 Gr",
    "category": "Aves y conejo",
    "url": "https://tienda.consum.es/es/p/mini-brocheta-primavera/7221497",
    "price": 2.85,
    "reference_price": 11.88,
    "iva": 10,
    "reference_unit": "1 Kg",
    "date": "2023-01-17"
  },
  {
    "id": 7572,
    "name": "Salteado de Patata, Verduras y Bacón congelado CONSUM",
    "description": "Salteado de Patata, Verduras y Bacón congelado 450 Gr",
    "category": "Salteados y revueltos",
    "url": "https://tienda.consum.es/es/p/salteado-de-patata-verduras-y-bacon-congelado/7221583",
    "price": 1.89,
    "reference_price": 4.2,
    "iva": 10,
    "reference_unit": "1 Kg",
    "date": "2023-01-17"
  },
  {
    "id": 7575,
    "name": "Salteado Campestre congelado CONSUM",
    "description": "Salteado Campestre congelado 450 Gr",
    "category": "Salteados y revueltos",
    "url": "https://tienda.consum.es/es/p/salteado-campestre-congelado/7221609",
    "price": 1.89,
    "reference_price": 4.2,
    "iva": 10,
    "reference_unit": "1 Kg",
    "date": "2023-01-17"
  },
  {
    "id": 7576,
    "name": "Salteado Tradicional congelado CONSUM",
    "description": "Salteado Tradicional congelado 450 Gr",
    "category": "Salteados y revueltos",
    "url": "https://tienda.consum.es/es/p/salteado-tradicional-congelado/7221612",
    "price": 1.34,
    "reference_price": 2.98,
    "iva": 0,
    "reference_unit": "1 Kg",
    "date": "2023-01-17"
  },
  {
    "id": 7578,
    "name": "Bebida de Soja Sabor Capuccino VIVESOY",
    "description": "Bebida de Soja Sabor Capuccino 1 L",
    "category": "Bebidas vegetales",
    "url": "https://tienda.consum.es/es/p/bebida-de-soja-sabor-capuccino/7221708",
    "price": 1.95,
    "reference_price": 1.95,
    "iva": 10,
    "reference_unit": "1 L",
    "date": "2023-01-17"
  },
  {
    "id": 7581,
    "name": "Kinder Bueno White 2 Unidades Pack 3 KINDER",
    "description": "Kinder Bueno White 2 Unidades Pack 3 117 Gr",
    "category": "Chocolatinas y bombones",
    "url": "https://tienda.consum.es/es/p/kinder-bueno-white-2-unidades-pack-3/7222011",
    "price": 2.49,
    "reference_price": 21.28,
    "iva": 10,
    "reference_unit": "1 Kg",
    "date": "2023-01-17"
  },
  {
    "id": 7585,
    "name": "Salsa Taco Tarro ZANUY",
    "description": "Salsa Taco Tarro 200 Gr",
    "category": "Otras salsas",
    "url": "https://tienda.consum.es/es/p/salsa-taco-tarro/7222284",
    "price": 1.89,
    "reference_price": 9.45,
    "iva": 10,
    "reference_unit": "1 Kg",
    "date": "2023-01-17"
  },
  {
    "id": 7589,
    "name": "Arroz Precocido congelado 6 Bolsitas x 167 Gr. CONSUM",
    "description": "Arroz Precocido congelado 6 Bolsitas x 167 Gr. 1 Kg",
    "category": "Carne, verduras y otros",
    "url": "https://tienda.consum.es/es/p/arroz-precocido-congelado-6-bolsitas-x-167-gr/7222909",
    "price": 2.02,
    "reference_price": 2.02,
    "iva": 0,
    "reference_unit": "1 Kg",
    "date": "2023-01-17"
  },
  {
    "id": 7590,
    "name": "Verdura para Paella congelada CONSUM",
    "description": "Verdura para Paella congelada 450 Gr",
    "category": "Preparado paella y hervido",
    "url": "https://tienda.consum.es/es/p/verdura-para-paella-congelada/7222912",
    "price": 1.06,
    "reference_price": 2.36,
    "iva": 0,
    "reference_unit": "1 Kg",
    "date": "2023-01-17"
  },
  {
    "id": 7593,
    "name": "Toallitas Cara y Manos PEPPA PIG",
    "description": "Toallitas Cara y Manos 20 U",
    "category": "Toallitas",
    "url": "https://tienda.consum.es/es/p/toallitas-cara-y-manos/7223118",
    "price": 1.35,
    "reference_price": 0.07,
    "iva": 21,
    "reference_unit": "1 U",
    "date": "2023-01-17"
  },
  {
    "id": 7596,
    "name": "Canelones de Carne con Bechamel congelados CONSUM",
    "description": "Canelones de Carne con Bechamel congelados 300 Gr",
    "category": "Canelones y lasañas",
    "url": "https://tienda.consum.es/es/p/canelones-de-carne-con-bechamel-congelados/7223246",
    "price": 1.67,
    "reference_price": 5.57,
    "iva": 5,
    "reference_unit": "1 Kg",
    "date": "2023-01-17"
  },
  {
    "id": 7597,
    "name": "Lasaña Boloñesa con Bechamel congelada CONSUM",
    "description": "Lasaña Boloñesa con Bechamel congelada 300 Gr",
    "category": "Canelones y lasañas",
    "url": "https://tienda.consum.es/es/p/lasana-bolonesa-con-bechamel-congelada/7223253",
    "price": 1.67,
    "reference_price": 5.57,
    "iva": 5,
    "reference_unit": "1 Kg",
    "date": "2023-01-17"
  },
  {
    "id": 7600,
    "name": "Néctar Frutas del Bosque Brik DON SIMON",
    "description": "Néctar Frutas del Bosque Brik 1 L",
    "category": "Zumos y néctares no refrigerados",
    "url": "https://tienda.consum.es/es/p/nectar-frutas-del-bosque-brik/7223667",
    "price": 1.39,
    "reference_price": 1.39,
    "iva": 21,
    "reference_unit": "1 L",
    "date": "2023-01-17"
  },
  {
    "id": 7604,
    "name": "Pouche 4 Frutas NESTLE",
    "description": "Pouche 4 Frutas 90 Gr",
    "category": "Alimentación infantil",
    "url": "https://tienda.consum.es/es/p/pouche-4-frutas/7224322",
    "price": 0.99,
    "reference_price": 11,
    "iva": 10,
    "reference_unit": "1 Kg",
    "date": "2023-01-17"
  },
  {
    "id": 7606,
    "name": "Queso Tapas Cortaditas Mezcla Curado Santtum EL PASTOR",
    "description": "Queso Tapas Cortaditas Mezcla Curado Santtum 165 Gr",
    "category": "Quesos Curados",
    "url": "https://tienda.consum.es/es/p/queso-tapas-cortaditas-mezcla-curado-santtum/7224335",
    "price": 2.88,
    "reference_price": 17.45,
    "iva": 0,
    "reference_unit": "1 Kg",
    "date": "2023-01-17"
  },
  {
    "id": 7609,
    "name": "Tortitas Pizza ALDELIS",
    "description": "Tortitas Pizza 270 Gr",
    "category": "Otros elaborados",
    "url": "https://tienda.consum.es/es/p/tortitas-pizza/7224400",
    "price": 2.75,
    "reference_price": 10.19,
    "iva": 10,
    "reference_unit": "1 Kg",
    "date": "2023-01-17"
  },
  {
    "id": 7610,
    "name": "Burger Pollo y Espinacas 4 Unidades ALDELIS",
    "description": "Burger Pollo y Espinacas 4 Unidades 313 Gr",
    "category": "Picadas y hamburguesas",
    "url": "https://tienda.consum.es/es/p/burger-pollo-y-espinacas-4-unidades/7224421",
    "price": 3.45,
    "reference_price": 11.02,
    "iva": 10,
    "reference_unit": "1 Kg",
    "date": "2023-01-17"
  },
  {
    "id": 7611,
    "name": "Lavavajillas en gel Excellence Antigrasa SOMAT",
    "description": "Lavavajillas en gel Excellence Antigrasa 50 Do",
    "category": "Lavavajillas a máquina",
    "url": "https://tienda.consum.es/es/p/lavavajillas-en-gel-excellence-antigrasa/7224517",
    "price": 9.69,
    "reference_price": 0.19,
    "iva": 21,
    "reference_unit": "1 Lv",
    "date": "2023-01-17"
  },
  {
    "id": 7613,
    "name": "Tomate Frito Receta Tradicional Frasco CONSUM",
    "description": "Tomate Frito Receta Tradicional Frasco 300 Gr",
    "category": "Tomate",
    "url": "https://tienda.consum.es/es/p/tomate-frito-receta-tradicional-frasco/7224546",
    "price": 1.6,
    "reference_price": 5.33,
    "iva": 10,
    "reference_unit": "1 Kg",
    "date": "2023-01-17"
  },
  {
    "id": 7614,
    "name": "Tomate Frito 0 % Azúcar Añadido Frasco CONSUM",
    "description": "Tomate Frito 0 % Azúcar Añadido Frasco 560 Gr",
    "category": "Tomate",
    "url": "https://tienda.consum.es/es/p/tomate-frito-0-azucar-anadido-frasco/7224553",
    "price": 1.2,
    "reference_price": 2.14,
    "iva": 10,
    "reference_unit": "1 Kg",
    "date": "2023-01-17"
  },
  {
    "id": 7618,
    "name": "Atún en Aceite Girasol Pack de 2 CABO PEÑAS",
    "description": "Atún en Aceite Girasol Pack de 2 2 x 52 Gr",
    "category": "Atún y bonito",
    "url": "https://tienda.consum.es/es/p/atun-en-aceite-girasol-pack-de-2/7224665",
    "price": 1.89,
    "reference_price": 18.17,
    "iva": 10,
    "reference_unit": "1 Kg",
    "date": "2023-01-17"
  },
  {
    "id": 7619,
    "name": "Polvos Talco EUDERMIN",
    "description": "Polvos Talco 200 ml",
    "category": "Complementos higiene",
    "url": "https://tienda.consum.es/es/p/polvos-talco/7224744",
    "price": 1.65,
    "reference_price": 0.83,
    "iva": 21,
    "reference_unit": "100 ml",
    "date": "2023-01-17"
  },
  {
    "id": 7620,
    "name": "Kinder Bueno Mini KINDER",
    "description": "Kinder Bueno Mini 108 Gr",
    "category": "Chocolatinas y bombones",
    "url": "https://tienda.consum.es/es/p/kinder-bueno-mini/7224855",
    "price": 2.19,
    "reference_price": 20.28,
    "iva": 10,
    "reference_unit": "1 Kg",
    "date": "2023-01-17"
  },
  {
    "id": 7623,
    "name": "Ampollas Suero Fisiológico BEL BABY",
    "description": "Ampollas Suero Fisiológico 30 U",
    "category": "Puericultura",
    "url": "https://tienda.consum.es/es/p/ampollas-suero-fisiologico/7225027",
    "price": 3.25,
    "reference_price": 0.11,
    "iva": 21,
    "reference_unit": "1 U",
    "date": "2023-01-17"
  },
  {
    "id": 7624,
    "name": "Gasas no Tejidas Ojos y Manos BEL BABY",
    "description": "Gasas no Tejidas Ojos y Manos 100 U",
    "category": "Complementos higiene",
    "url": "https://tienda.consum.es/es/p/gasas-no-tejidas-ojos-y-manos/7225030",
    "price": 2,
    "reference_price": 0.02,
    "iva": 21,
    "reference_unit": "1 U",
    "date": "2023-01-17"
  },
  {
    "id": 7627,
    "name": "Fruta Leche Tropical Zero. Brik DON SIMON",
    "description": "Fruta Leche Tropical Zero. Brik 1 L",
    "category": "Zumos con leche",
    "url": "https://tienda.consum.es/es/p/fruta-leche-tropical-zero-brik/7225196",
    "price": 1.29,
    "reference_price": 1.29,
    "iva": 21,
    "reference_unit": "1 L",
    "date": "2023-01-17"
  },
  {
    "id": 7635,
    "name": "Agua de Peinado NELLY",
    "description": "Agua de Peinado 200 ml",
    "category": "Cremas y aguas de peinado",
    "url": "https://tienda.consum.es/es/p/agua-de-peinado/7225709",
    "price": 2.79,
    "reference_price": 1.4,
    "iva": 21,
    "reference_unit": "100 ml",
    "date": "2023-01-17"
  },
  {
    "id": 7636,
    "name": "Masa de Hojaldre Rectangular BUITONI",
    "description": "Masa de Hojaldre Rectangular 230 Gr",
    "category": "Refrigeradas",
    "url": "https://tienda.consum.es/es/p/masa-de-hojaldre-rectangular/7225881",
    "price": 2.1,
    "reference_price": 9.13,
    "iva": 10,
    "reference_unit": "1 Kg",
    "date": "2023-01-17"
  },
  {
    "id": 7637,
    "name": "Special K Con Chocolate KELLOGG'S",
    "description": "Special K Con Chocolate 375 Gr",
    "category": "Cereales",
    "url": "https://tienda.consum.es/es/p/special-k-con-chocolate/7226327",
    "price": 2.8,
    "reference_price": 7.47,
    "iva": 10,
    "reference_unit": "1 Kg",
    "date": "2023-01-17"
  },
  {
    "id": 7639,
    "name": "Cebolla Roja CORBI",
    "description": "Cebolla Roja 500 Gr",
    "category": "Cebollitas",
    "url": "https://tienda.consum.es/es/p/cebolla-roja/7226368",
    "price": 2.8,
    "reference_price": 5.6,
    "iva": 10,
    "reference_unit": "1 Kg",
    "date": "2023-01-17"
  },
  {
    "id": 7640,
    "name": "Olivada Frasco D'ATENEA",
    "description": "Olivada Frasco 135 Gr",
    "category": "Patés y untables",
    "url": "https://tienda.consum.es/es/p/olivada-frasco/7226491",
    "price": 1.75,
    "reference_price": 12.96,
    "iva": 10,
    "reference_unit": "1 Kg",
    "date": "2023-01-17"
  },
  {
    "id": 7652,
    "name": "Caldo de Pollo Bajo en Sal Brik CONSUM",
    "description": "Caldo de Pollo Bajo en Sal Brik 1 L",
    "category": "Caldos y sopas",
    "url": "https://tienda.consum.es/es/p/caldo-de-pollo-bajo-en-sal-brik/7226785",
    "price": 1.2,
    "reference_price": 1.2,
    "iva": 10,
    "reference_unit": "1 L",
    "date": "2023-01-17"
  },
  {
    "id": 7655,
    "name": "Bebida Energética Light Lata CONTACT",
    "description": "Bebida Energética Light Lata 0,25 L",
    "category": "Energéticas",
    "url": "https://tienda.consum.es/es/p/bebida-energetica-light-lata/7227148",
    "price": 0.45,
    "reference_price": 1.8,
    "iva": 21,
    "reference_unit": "1 L",
    "date": "2023-01-17"
  },
  {
    "id": 7658,
    "name": "Crema de Verduras Brik CONSUM",
    "description": "Crema de Verduras Brik 0,5 L",
    "category": "Cremas",
    "url": "https://tienda.consum.es/es/p/crema-de-verduras-brik/7227796",
    "price": 1.1,
    "reference_price": 2.2,
    "iva": 10,
    "reference_unit": "1 L",
    "date": "2023-01-17"
  },
  {
    "id": 7659,
    "name": "Pan Rebanado Payés con Semillas de Calabaza ",
    "description": "Pan Rebanado Payés con Semillas de Calabaza 490 Gr",
    "category": "Pan de molde y rebanado",
    "url": "https://tienda.consum.es/es/p/pan-rebanado-payes-con-semillas-de-calabaza/7228117",
    "price": 2.15,
    "reference_price": 4.39,
    "iva": 10,
    "reference_unit": "1 Kg",
    "date": "2023-01-17"
  },
  {
    "id": 7661,
    "name": "Mermelada Tomate Frasco CONSUM",
    "description": "Mermelada Tomate Frasco 410 Gr",
    "category": "Mermeladas y confituras",
    "url": "https://tienda.consum.es/es/p/mermelada-tomate-frasco/7228229",
    "price": 1.6,
    "reference_price": 3.9,
    "iva": 10,
    "reference_unit": "1 Kg",
    "date": "2023-01-17"
  },
  {
    "id": 7662,
    "name": "Pastilla Cisterna Wc Marino Duplo CONSUM",
    "description": "Pastilla Cisterna Wc Marino Duplo 2 U",
    "category": "Limpieza baños",
    "url": "https://tienda.consum.es/es/p/pastilla-cisterna-wc-marino-duplo/7228294",
    "price": 0.65,
    "reference_price": 0.33,
    "iva": 21,
    "reference_unit": "1 U",
    "date": "2023-01-17"
  },
  {
    "id": 7664,
    "name": "Dentífrico Aliento Fresco KYREY",
    "description": "Dentífrico Aliento Fresco 75 ml",
    "category": "Dentífricos",
    "url": "https://tienda.consum.es/es/p/dentifrico-aliento-fresco/7228513",
    "price": 1.1,
    "reference_price": 1.47,
    "iva": 21,
    "reference_unit": "100 ml",
    "date": "2023-01-17"
  },
  {
    "id": 7665,
    "name": "Dentífrico Anticaries KYREY",
    "description": "Dentífrico Anticaries 75 ml",
    "category": "Dentífricos",
    "url": "https://tienda.consum.es/es/p/dentifrico-anticaries/7228518",
    "price": 0.99,
    "reference_price": 1.32,
    "iva": 21,
    "reference_unit": "100 ml",
    "date": "2023-01-17"
  },
  {
    "id": 7666,
    "name": "Pañuelos Faciales Dos Capas CONSUM",
    "description": "Pañuelos Faciales Dos Capas 200 U",
    "category": "Pañuelos y tissues",
    "url": "https://tienda.consum.es/es/p/panuelos-faciales-dos-capas/7228633",
    "price": 1.49,
    "reference_price": 0.01,
    "iva": 21,
    "reference_unit": "1 U",
    "date": "2023-01-17"
  },
  {
    "id": 7672,
    "name": "Café Ristretto Ardenza Cápsulas DOLCE GUSTO",
    "description": "Café Ristretto Ardenza Cápsulas 16 U",
    "category": "Café en cápsulas",
    "url": "https://tienda.consum.es/es/p/cafe-ristretto-ardenza-capsulas/7228690",
    "price": 4.89,
    "reference_price": 0.31,
    "iva": 10,
    "reference_unit": "1 U",
    "date": "2023-01-17"
  },
  {
    "id": 7675,
    "name": "Lote Chocolate Postres Más Tubo La Lechera NESTLE",
    "description": "Lote Chocolate Postres Más Tubo La Lechera 500 Gr",
    "category": "Tabletas",
    "url": "https://tienda.consum.es/es/p/lote-chocolate-postres-mas-tubo-la-lechera/7228989",
    "price": 3.75,
    "reference_price": 7.5,
    "iva": 10,
    "reference_unit": "1 Kg",
    "date": "2023-01-17"
  },
  {
    "id": 7678,
    "name": "Enjuague Bucal Acción Total KYREY",
    "description": "Enjuague Bucal Acción Total 500 ml",
    "category": "Antisépticos y enjuagues",
    "url": "https://tienda.consum.es/es/p/enjuague-bucal-accion-total/7229375",
    "price": 1.55,
    "reference_price": 0.31,
    "iva": 21,
    "reference_unit": "100 ml",
    "date": "2023-01-17"
  },
  {
    "id": 7680,
    "name": "Cherry Variado ",
    "description": "Cherry Variado",
    "category": "Pepinos, tomates y pimientos",
    "url": "https://tienda.consum.es/es/p/cherry-variado/7229677",
    "price": 4.51,
    "reference_price": 4.51,
    "iva": 0,
    "reference_unit": "1 Kg",
    "date": "2023-01-17"
  },
  {
    "id": 7686,
    "name": "Mascarilla Aceite Extraordinario ELVIVE",
    "description": "Mascarilla Aceite Extraordinario 300 ml",
    "category": "Mascarillas cabello",
    "url": "https://tienda.consum.es/es/p/mascarilla-aceite-extraordinario/7229912",
    "price": 4,
    "reference_price": 1.33,
    "iva": 21,
    "reference_unit": "100 ml",
    "date": "2023-01-17"
  },
  {
    "id": 7689,
    "name": "Vino Rosado Lambrusco I LOVE ITALY",
    "description": "Vino Rosado Lambrusco 0,75 L",
    "category": "Internacional",
    "url": "https://tienda.consum.es/es/p/vino-rosado-lambrusco/7230076",
    "price": 1.9,
    "reference_price": 2.53,
    "iva": 21,
    "reference_unit": "1 L",
    "date": "2023-01-17"
  },
  {
    "id": 7690,
    "name": "Avecrem Pollo 30% menos de Sal AVECREM",
    "description": "Avecrem Pollo 30% menos de Sal 95 Gr",
    "category": "Concentrado y pastillas",
    "url": "https://tienda.consum.es/es/p/avecrem-pollo-30-menos-de-sal/7230209",
    "price": 1.55,
    "reference_price": 16.32,
    "iva": 10,
    "reference_unit": "1 Kg",
    "date": "2023-01-17"
  },
  {
    "id": 7696,
    "name": "Desatascador 2EN1 CONSUM",
    "description": "Desatascador 2EN1 1 L",
    "category": "Limpieza hogar",
    "url": "https://tienda.consum.es/es/p/desatascador-2en1/7230993",
    "price": 1.9,
    "reference_price": 1.9,
    "iva": 21,
    "reference_unit": "1 L",
    "date": "2023-01-17"
  },
  {
    "id": 7698,
    "name": "Servilletas Cookies 33x33 NV",
    "description": "Servilletas Cookies 33x33 20 U",
    "category": "Decoración y fiestas",
    "url": "https://tienda.consum.es/es/p/servilletas-cookies-33x33/7231058",
    "price": 1.99,
    "reference_price": 0.1,
    "iva": 21,
    "reference_unit": "1 U",
    "date": "2023-01-17"
  },
  {
    "id": 7706,
    "name": "Pechuga de Pavo Adobado SERRANO",
    "description": "Pechuga de Pavo Adobado 330 Gr",
    "category": "Aves y conejo",
    "url": "https://tienda.consum.es/es/p/pechuga-de-pavo-adobado/7231178",
    "price": 3.99,
    "reference_price": 12.09,
    "iva": 10,
    "reference_unit": "1 Kg",
    "date": "2023-01-17"
  },
  {
    "id": 7708,
    "name": "Kit Kat Pack de 8 Barritas NESTLE",
    "description": "Kit Kat Pack de 8 Barritas 8 x 20,7 Gr",
    "category": "Chocolatinas y bombones",
    "url": "https://tienda.consum.es/es/p/kit-kat-pack-de-8-barritas/7231397",
    "price": 2.29,
    "reference_price": 12.29,
    "iva": 10,
    "reference_unit": "1 Kg",
    "date": "2023-01-17"
  },
  {
    "id": 7709,
    "name": "Yakisoba de Pollo Yatekomo G.BLANCA",
    "description": "Yakisoba de Pollo Yatekomo 93 Gr",
    "category": "Asiático",
    "url": "https://tienda.consum.es/es/p/yakisoba-de-pollo-yatekomo/7231504",
    "price": 1.79,
    "reference_price": 19.25,
    "iva": 10,
    "reference_unit": "1 Kg",
    "date": "2023-01-17"
  },
  {
    "id": 7712,
    "name": "Habas Cocidas Picantes Lata VEGA BAJA",
    "description": "Habas Cocidas Picantes Lata 240 Gr",
    "category": "Otros vegetales",
    "url": "https://tienda.consum.es/es/p/habas-cocidas-picantes-lata/7231538",
    "price": 1.55,
    "reference_price": 6.46,
    "iva": 10,
    "reference_unit": "1 Kg",
    "date": "2023-01-17"
  },
  {
    "id": 7713,
    "name": "Filete de Anchoa Tarro de Cristal BRUIMAR",
    "description": "Filete de Anchoa Tarro de Cristal 55 Gr",
    "category": "Anchoas",
    "url": "https://tienda.consum.es/es/p/filete-de-anchoa-tarro-de-cristal/7231723",
    "price": 2.35,
    "reference_price": 42.73,
    "iva": 10,
    "reference_unit": "1 Kg",
    "date": "2023-01-17"
  },
  {
    "id": 7715,
    "name": "Vino Tinto Roble D.O.Ribera del Duero PATA NEGRA",
    "description": "Vino Tinto Roble D.O.Ribera del Duero 0,75 L",
    "category": "Vinos d.o",
    "url": "https://tienda.consum.es/es/p/vino-tinto-roble-doribera-del-duero/7232010",
    "price": 5.49,
    "reference_price": 7.32,
    "iva": 21,
    "reference_unit": "1 L",
    "date": "2023-01-17"
  },
  {
    "id": 7725,
    "name": "Tinte Color Sensation Nº6.60 GARNIER",
    "description": "Tinte Color Sensation Nº6.60 1 U",
    "category": "Coloración",
    "url": "https://tienda.consum.es/es/p/tinte-color-sensation-n660/7232283",
    "price": 3.5,
    "reference_price": 3.5,
    "iva": 21,
    "reference_unit": "1 U",
    "date": "2023-01-17"
  },
  {
    "id": 7732,
    "name": "Lacasitos LACASA",
    "description": "Lacasitos 150 Gr",
    "category": "Chocolatinas y bombones",
    "url": "https://tienda.consum.es/es/p/lacasitos/7232465",
    "price": 2.29,
    "reference_price": 15.27,
    "iva": 10,
    "reference_unit": "1 Kg",
    "date": "2023-01-17"
  },
  {
    "id": 7733,
    "name": "Calzone de York y Queso 1 Unidad ",
    "description": "Calzone de York y Queso 1 Unidad 155 Gr",
    "category": "Pizzas y hojaldres",
    "url": "https://tienda.consum.es/es/p/calzone-de-york-y-queso-1-unidad/7232510",
    "price": 1.49,
    "reference_price": 9.61,
    "iva": 10,
    "reference_unit": "1 Kg",
    "date": "2023-01-17"
  },
  {
    "id": 7741,
    "name": "Preparado de Paella y Sopa congelado COCINARTE",
    "description": "Preparado de Paella y Sopa congelado 500 Gr",
    "category": "Pescados y mariscos",
    "url": "https://tienda.consum.es/es/p/preparado-de-paella-y-sopa-congelado/7232619",
    "price": 3.59,
    "reference_price": 7.18,
    "iva": 10,
    "reference_unit": "1 Kg",
    "date": "2023-01-17"
  },
  {
    "id": 7746,
    "name": "Azucaritos Blancos Caja AZUCARERA",
    "description": "Azucaritos Blancos Caja 300 Gr",
    "category": "Azúcar",
    "url": "https://tienda.consum.es/es/p/azucaritos-blancos-caja/7233096",
    "price": 1.35,
    "reference_price": 4.5,
    "iva": 10,
    "reference_unit": "1 Kg",
    "date": "2023-01-17"
  },
  {
    "id": 7747,
    "name": "Chicle Hierbabuena Bolsa TRIDENT",
    "description": "Chicle Hierbabuena Bolsa 43,5 Gr",
    "category": "Chicles, caramelos y gominolas",
    "url": "https://tienda.consum.es/es/p/chicle-hierbabuena-bolsa/7233109",
    "price": 1.35,
    "reference_price": 3.1,
    "iva": 10,
    "reference_unit": "100 Gr",
    "date": "2023-01-17"
  },
  {
    "id": 7748,
    "name": "Azucaritos Moreno Caja AZUCARERA",
    "description": "Azucaritos Moreno Caja 300 Gr",
    "category": "Azúcar",
    "url": "https://tienda.consum.es/es/p/azucaritos-moreno-caja/7233112",
    "price": 1.5,
    "reference_price": 5,
    "iva": 10,
    "reference_unit": "1 Kg",
    "date": "2023-01-17"
  },
  {
    "id": 7750,
    "name": "Cereales Chocapic NESTLE",
    "description": "Cereales Chocapic 500 Gr",
    "category": "Cereales",
    "url": "https://tienda.consum.es/es/p/cereales-chocapic/7233133",
    "price": 3.15,
    "reference_price": 6.3,
    "iva": 10,
    "reference_unit": "1 Kg",
    "date": "2023-01-17"
  },
  {
    "id": 7752,
    "name": "Neceser Travel KEMPHOR",
    "description": "Neceser Travel 1 U",
    "category": "Dentífricos",
    "url": "https://tienda.consum.es/es/p/neceser-travel/7233182",
    "price": 4.35,
    "reference_price": 4.35,
    "iva": 21,
    "reference_unit": "1 U",
    "date": "2023-01-17"
  },
  {
    "id": 7755,
    "name": "Arroz Integral con Quinoa Pack de 2 BRILLANTE",
    "description": "Arroz Integral con Quinoa Pack de 2 2 x 125 Gr",
    "category": "Arroz, pastas, legumbres",
    "url": "https://tienda.consum.es/es/p/arroz-integral-con-quinoa-pack-de-2/7233336",
    "price": 1.49,
    "reference_price": 5.96,
    "iva": 10,
    "reference_unit": "1 Kg",
    "date": "2023-01-17"
  },
  {
    "id": 7759,
    "name": "Harina de Maíz Caja MAIZENA",
    "description": "Harina de Maíz Caja 400 Gr",
    "category": "Harinas y levaduras",
    "url": "https://tienda.consum.es/es/p/harina-de-maiz-caja/7233385",
    "price": 2.49,
    "reference_price": 6.23,
    "iva": 10,
    "reference_unit": "1 Kg",
    "date": "2023-01-17"
  },
  {
    "id": 7763,
    "name": "Pizza congelada Forno Barbacoa BUITONI",
    "description": "Pizza congelada Forno Barbacoa 325 Gr",
    "category": "Pizza congelada",
    "url": "https://tienda.consum.es/es/p/pizza-congelada-forno-barbacoa/7233633",
    "price": 3.69,
    "reference_price": 11.35,
    "iva": 10,
    "reference_unit": "1 Kg",
    "date": "2023-01-17"
  },
  {
    "id": 7765,
    "name": "Barrita Nesquik 6U NESTLE",
    "description": "Barrita Nesquik 6U 150 Gr",
    "category": "Barritas ",
    "url": "https://tienda.consum.es/es/p/barrita-nesquik-6u/7233653",
    "price": 2.69,
    "reference_price": 17.93,
    "iva": 10,
    "reference_unit": "1 Kg",
    "date": "2023-01-17"
  },
  {
    "id": 7766,
    "name": "Vino Tinto Joven Botella PLUVIUM",
    "description": "Vino Tinto Joven Botella 0,75 L",
    "category": "Mesa",
    "url": "https://tienda.consum.es/es/p/vino-tinto-joven-botella/7233674",
    "price": 1.99,
    "reference_price": 2.65,
    "iva": 21,
    "reference_unit": "1 L",
    "date": "2023-01-17"
  },
  {
    "id": 7767,
    "name": "Pant Súper Talla Grande INDASEC",
    "description": "Pant Súper Talla Grande 10 U",
    "category": "Compresas y protegeslips",
    "url": "https://tienda.consum.es/es/p/pant-super-talla-grande/7233687",
    "price": 10.9,
    "reference_price": 1.09,
    "iva": 10,
    "reference_unit": "1 U",
    "date": "2023-01-17"
  },
  {
    "id": 7769,
    "name": "Colutorio Bucal Gingi LACER",
    "description": "Colutorio Bucal Gingi 500 ml",
    "category": "Antisépticos y enjuagues",
    "url": "https://tienda.consum.es/es/p/colutorio-bucal-gingi/7233922",
    "price": 7.99,
    "reference_price": 1.6,
    "iva": 21,
    "reference_unit": "100 ml",
    "date": "2023-01-17"
  },
  {
    "id": 7770,
    "name": "Pasta Dental Gingi LACER",
    "description": "Pasta Dental Gingi 125 ml",
    "category": "Dentífricos",
    "url": "https://tienda.consum.es/es/p/pasta-dental-gingi/7233927",
    "price": 6.99,
    "reference_price": 5.59,
    "iva": 21,
    "reference_unit": "100 ml",
    "date": "2023-01-17"
  },
  {
    "id": 7772,
    "name": "Aceite Almendras Reparador NATURAFEMME",
    "description": "Aceite Almendras Reparador 250 ml",
    "category": "Body-lociones",
    "url": "https://tienda.consum.es/es/p/aceite-almendras-reparador/7234024",
    "price": 4.15,
    "reference_price": 1.66,
    "iva": 21,
    "reference_unit": "100 ml",
    "date": "2023-01-17"
  },
  {
    "id": 7774,
    "name": "Agua de Rosas NATURAFEMME",
    "description": "Agua de Rosas 250 ml",
    "category": "Hidratación",
    "url": "https://tienda.consum.es/es/p/agua-de-rosas/7234057",
    "price": 3.25,
    "reference_price": 1.3,
    "iva": 21,
    "reference_unit": "100 ml",
    "date": "2023-01-17"
  },
  {
    "id": 7779,
    "name": "Preparado Picada 100% Pollo CONSUM",
    "description": "Preparado Picada 100% Pollo 400 Gr",
    "category": "Picadas y hamburguesas",
    "url": "https://tienda.consum.es/es/p/preparado-picada-100-pollo/7234300",
    "price": 3.65,
    "reference_price": 9.13,
    "iva": 10,
    "reference_unit": "1 Kg",
    "date": "2023-01-17"
  },
  {
    "id": 7782,
    "name": "San Jacobo CONSUM",
    "description": "San Jacobo 300 Gr",
    "category": "Cerdo",
    "url": "https://tienda.consum.es/es/p/san-jacobo/7234370",
    "price": 3,
    "reference_price": 10,
    "iva": 10,
    "reference_unit": "1 Kg",
    "date": "2023-01-17"
  },
  {
    "id": 7784,
    "name": "Calabaza troceada Bandeja ",
    "description": "Calabaza troceada Bandeja 400 Gr",
    "category": "Otras verduras",
    "url": "https://tienda.consum.es/es/p/calabaza-troceada-bandeja/7234552",
    "price": 1.53,
    "reference_price": 3.83,
    "iva": 0,
    "reference_unit": "1 Kg",
    "date": "2023-01-17"
  },
  {
    "id": 7792,
    "name": "Esponja Oval Anatómica KYREY",
    "description": "Esponja Oval Anatómica 1 U",
    "category": "Esponjas",
    "url": "https://tienda.consum.es/es/p/esponja-oval-anatomica/7235104",
    "price": 0.89,
    "reference_price": 0.89,
    "iva": 21,
    "reference_unit": "1 U",
    "date": "2023-01-17"
  },
  {
    "id": 7793,
    "name": "Esponja Extrasuave Bebé CONSUM KIDS",
    "description": "Esponja Extrasuave Bebé 1 U",
    "category": "Complementos higiene",
    "url": "https://tienda.consum.es/es/p/esponja-extrasuave-bebe/7235109",
    "price": 0.8,
    "reference_price": 0.8,
    "iva": 21,
    "reference_unit": "1 U",
    "date": "2023-01-17"
  },
  {
    "id": 7797,
    "name": "Comida Seca Gatos Junior ULTIMA",
    "description": "Comida Seca Gatos Junior 400 Gr",
    "category": "Seco",
    "url": "https://tienda.consum.es/es/p/comida-seca-gatos-junior/7235203",
    "price": 2.75,
    "reference_price": 6.88,
    "iva": 10,
    "reference_unit": "1 Kg",
    "date": "2023-01-17"
  },
  {
    "id": 7800,
    "name": "Magdalenas Caseras ",
    "description": "Magdalenas Caseras 360 Gr",
    "category": "Magdalenas",
    "url": "https://tienda.consum.es/es/p/magdalenas-caseras/7235286",
    "price": 2.49,
    "reference_price": 6.92,
    "iva": 10,
    "reference_unit": "1 Kg",
    "date": "2023-01-17"
  },
  {
    "id": 7801,
    "name": "Coca Casera de Manzana ",
    "description": "Coca Casera de Manzana 400 Gr",
    "category": "Cocas y bizcochos",
    "url": "https://tienda.consum.es/es/p/coca-casera-de-manzana/7235294",
    "price": 2.69,
    "reference_price": 6.73,
    "iva": 10,
    "reference_unit": "1 Kg",
    "date": "2023-01-17"
  },
  {
    "id": 7802,
    "name": "Tapa de Chipirones con Habitas y Salsa congelada COCINARTE",
    "description": "Tapa de Chipirones con Habitas y Salsa congelada 400 Gr",
    "category": "Carne, verduras y otros",
    "url": "https://tienda.consum.es/es/p/tapa-de-chipirones-con-habitas-y-salsa-congelada/7235380",
    "price": 3.39,
    "reference_price": 8.48,
    "iva": 10,
    "reference_unit": "1 Kg",
    "date": "2023-01-17"
  },
  {
    "id": 7809,
    "name": "Burger 100% Pollo 4 Unidades CONSUM",
    "description": "Burger 100% Pollo 4 Unidades 360 Gr",
    "category": "Picadas y hamburguesas",
    "url": "https://tienda.consum.es/es/p/burger-100-pollo-4-unidades/7235617",
    "price": 2.89,
    "reference_price": 8.03,
    "iva": 10,
    "reference_unit": "1 Kg",
    "date": "2023-01-17"
  },
  {
    "id": 7810,
    "name": "Barra Familiar ",
    "description": "Barra Familiar 315 Gr",
    "category": "Pan de horno",
    "url": "https://tienda.consum.es/es/p/barra-familiar/7235666",
    "price": 1.14,
    "reference_price": 3.62,
    "iva": 0,
    "reference_unit": "1 Kg",
    "date": "2023-01-17"
  },
  {
    "id": 7813,
    "name": "Mini Croissant Margarina 8 Unidades ",
    "description": "Mini Croissant Margarina 8 Unidades 164 Gr",
    "category": "Croissants y ensaimadas",
    "url": "https://tienda.consum.es/es/p/mini-croissant-margarina-8-unidades/7235760",
    "price": 1.45,
    "reference_price": 8.84,
    "iva": 10,
    "reference_unit": "1 Kg",
    "date": "2023-01-17"
  },
  {
    "id": 7814,
    "name": "Berlina Rellena de Chocolate 2 Unidades ",
    "description": "Berlina Rellena de Chocolate 2 Unidades 180 Gr",
    "category": "Bollería rellena y donuts",
    "url": "https://tienda.consum.es/es/p/berlina-rellena-de-chocolate-2-unidades/7235778",
    "price": 1.5,
    "reference_price": 8.33,
    "iva": 10,
    "reference_unit": "1 Kg",
    "date": "2023-01-17"
  },
  {
    "id": 7815,
    "name": "Big Dots Sugar 2 Unidades ",
    "description": "Big Dots Sugar 2 Unidades 130 Gr",
    "category": "Bollería rellena y donuts",
    "url": "https://tienda.consum.es/es/p/big-dots-sugar-2-unidades/7235810",
    "price": 1.15,
    "reference_price": 8.85,
    "iva": 10,
    "reference_unit": "1 Kg",
    "date": "2023-01-17"
  },
  {
    "id": 7821,
    "name": "Espuma de Afeitar Classic LA TOJA",
    "description": "Espuma de Afeitar Classic 300 ml",
    "category": "Espuma de afeitar",
    "url": "https://tienda.consum.es/es/p/espuma-de-afeitar-classic/7235950",
    "price": 2.75,
    "reference_price": 0.92,
    "iva": 21,
    "reference_unit": "100 ml",
    "date": "2023-01-17"
  },
  {
    "id": 7822,
    "name": "Espuma de Afeitar Sensible LA TOJA",
    "description": "Espuma de Afeitar Sensible 300 ml",
    "category": "Espuma de afeitar",
    "url": "https://tienda.consum.es/es/p/espuma-de-afeitar-sensible/7235976",
    "price": 2.75,
    "reference_price": 0.92,
    "iva": 21,
    "reference_unit": "100 ml",
    "date": "2023-01-17"
  },
  {
    "id": 7823,
    "name": "Crema Men NIVEA",
    "description": "Crema Men 150 ml",
    "category": "Masculino",
    "url": "https://tienda.consum.es/es/p/crema-men/7236024",
    "price": 3.5,
    "reference_price": 2.33,
    "iva": 21,
    "reference_unit": "100 ml",
    "date": "2023-01-17"
  },
  {
    "id": 7824,
    "name": "Desodorante Spray B&W Invisible Fresh NIVEA",
    "description": "Desodorante Spray B&W Invisible Fresh 200 ml",
    "category": "Spray",
    "url": "https://tienda.consum.es/es/p/desodorante-spray-bw-invisible-fresh/7236029",
    "price": 2.95,
    "reference_price": 1.48,
    "iva": 21,
    "reference_unit": "100 ml",
    "date": "2023-01-17"
  },
  {
    "id": 7825,
    "name": "Mini Empanadilla Pisto 7 Unidades ",
    "description": "Mini Empanadilla Pisto 7 Unidades 250 Gr",
    "category": "Empanadillas",
    "url": "https://tienda.consum.es/es/p/mini-empanadilla-pisto-7-unidades/7236032",
    "price": 1.98,
    "reference_price": 7.92,
    "iva": 10,
    "reference_unit": "1 Kg",
    "date": "2023-01-17"
  },
  {
    "id": 7829,
    "name": "Paté de Salmón Tarro APIS",
    "description": "Paté de Salmón Tarro 160 Gr",
    "category": "Patés y untables",
    "url": "https://tienda.consum.es/es/p/pate-de-salmon-tarro/7236131",
    "price": 1.39,
    "reference_price": 8.69,
    "iva": 10,
    "reference_unit": "1 Kg",
    "date": "2023-01-17"
  },
  {
    "id": 7831,
    "name": "Pan de Leche 3% 5 Unidades ",
    "description": "Pan de Leche 3% 5 Unidades 275 Gr",
    "category": "Panecillos",
    "url": "https://tienda.consum.es/es/p/pan-de-leche-3-5-unidades/7236193",
    "price": 1.1,
    "reference_price": 4,
    "iva": 10,
    "reference_unit": "1 Kg",
    "date": "2023-01-17"
  },
  {
    "id": 7832,
    "name": "Mini Campesino 5 Unidades ",
    "description": "Mini Campesino 5 Unidades 225 Gr",
    "category": "Pan de horno",
    "url": "https://tienda.consum.es/es/p/mini-campesino-5-unidades/7236201",
    "price": 1.3,
    "reference_price": 5.78,
    "iva": 0,
    "reference_unit": "1 Kg",
    "date": "2023-01-17"
  },
  {
    "id": 7834,
    "name": "Mini 9 Cereales y Semillas 4 Unidades ",
    "description": "Mini 9 Cereales y Semillas 4 Unidades 280 Gr",
    "category": "Pan de horno",
    "url": "https://tienda.consum.es/es/p/mini-9-cereales-y-semillas-4-unidades/7236222",
    "price": 1.2,
    "reference_price": 4.29,
    "iva": 10,
    "reference_unit": "1 Kg",
    "date": "2023-01-17"
  },
  {
    "id": 7835,
    "name": "Baguetina con Fibra 5 Unidades ",
    "description": "Baguetina con Fibra 5 Unidades 550 Gr",
    "category": "Pan de horno",
    "url": "https://tienda.consum.es/es/p/baguetina-con-fibra-5-unidades/7236227",
    "price": 1.15,
    "reference_price": 2.09,
    "iva": 0,
    "reference_unit": "1 Kg",
    "date": "2023-01-17"
  },
  {
    "id": 7838,
    "name": "Mini Ensaimada Hojaldrada 6 Unidades ",
    "description": "Mini Ensaimada Hojaldrada 6 Unidades 174 Gr",
    "category": "Croissants y ensaimadas",
    "url": "https://tienda.consum.es/es/p/mini-ensaimada-hojaldrada-6-unidades/7236276",
    "price": 2.15,
    "reference_price": 12.36,
    "iva": 10,
    "reference_unit": "1 Kg",
    "date": "2023-01-17"
  },
  {
    "id": 7842,
    "name": "Galleta Tosta Rica Caja CUETARA",
    "description": "Galleta Tosta Rica Caja 860 Gr",
    "category": "Desayuno y merienda infantil",
    "url": "https://tienda.consum.es/es/p/galleta-tosta-rica-caja/7236529",
    "price": 4.5,
    "reference_price": 5.23,
    "iva": 10,
    "reference_unit": "1 Kg",
    "date": "2023-01-17"
  },
  {
    "id": 7843,
    "name": "Cambiador Bebé 60x60 BEL BABY",
    "description": "Cambiador Bebé 60x60 10 U",
    "category": "Puericultura",
    "url": "https://tienda.consum.es/es/p/cambiador-bebe-60x60/7236540",
    "price": 3.75,
    "reference_price": 0.38,
    "iva": 21,
    "reference_unit": "1 U",
    "date": "2023-01-17"
  },
  {
    "id": 7844,
    "name": "La Rosquita Serrana Rústica DE ORO",
    "description": "La Rosquita Serrana Rústica 205 Gr",
    "category": "Bocadillos y sándwich listos",
    "url": "https://tienda.consum.es/es/p/la-rosquita-serrana-rustica/7236602",
    "price": 1.99,
    "reference_price": 9.71,
    "iva": 10,
    "reference_unit": "1 Kg",
    "date": "2023-01-17"
  },
  {
    "id": 7846,
    "name": "Chocolate Líquido a la Taza Brik CONSUM",
    "description": "Chocolate Líquido a la Taza Brik 1 L",
    "category": "Cremas de desayuno",
    "url": "https://tienda.consum.es/es/p/chocolate-liquido-a-la-taza-brik/7236631",
    "price": 1.9,
    "reference_price": 1.9,
    "iva": 10,
    "reference_unit": "1 L",
    "date": "2023-01-17"
  },
  {
    "id": 7851,
    "name": "Pechuga de Pavo Adobada Ajillo ALDELIS",
    "description": "Pechuga de Pavo Adobada Ajillo",
    "category": "Aves y conejo",
    "url": "https://tienda.consum.es/es/p/pechuga-de-pavo-adobada-ajillo/7236743",
    "price": 4.39,
    "reference_price": 9.75,
    "iva": 10,
    "reference_unit": "1 Kg",
    "date": "2023-01-17"
  },
  {
    "id": 7856,
    "name": "Activia 0% Natural Bífidus Desnatado DANONE",
    "description": "Activia 0% Natural Bífidus Desnatado 12 x 120 Gr",
    "category": "Bífidus",
    "url": "https://tienda.consum.es/es/p/activia-0-natural-bifidus-desnatado/7236867",
    "price": 5.29,
    "reference_price": 3.67,
    "iva": 10,
    "reference_unit": "1 Kg",
    "date": "2023-01-17"
  },
  {
    "id": 7857,
    "name": "Activia 0% Natural Edulcorado Pack 12 ud. DANONE",
    "description": "Activia 0% Natural Edulcorado Pack 12 ud. 12 x 120 Gr",
    "category": "Bífidus",
    "url": "https://tienda.consum.es/es/p/activia-0-natural-edulcorado-pack-12-ud/7236870",
    "price": 5.29,
    "reference_price": 3.67,
    "iva": 10,
    "reference_unit": "1 Kg",
    "date": "2023-01-17"
  },
  {
    "id": 7859,
    "name": "Burger 100% Pollo con Queso 4 Unidades CONSUM",
    "description": "Burger 100% Pollo con Queso 4 Unidades 320 Gr",
    "category": "Picadas y hamburguesas",
    "url": "https://tienda.consum.es/es/p/burger-100-pollo-con-queso-4-unidades/7236883",
    "price": 3.45,
    "reference_price": 10.78,
    "iva": 10,
    "reference_unit": "1 Kg",
    "date": "2023-01-17"
  },
  {
    "id": 7860,
    "name": "Burger 100% Pollo con Verduras 4 Unidades CONSUM",
    "description": "Burger 100% Pollo con Verduras 4 Unidades 320 Gr",
    "category": "Picadas y hamburguesas",
    "url": "https://tienda.consum.es/es/p/burger-100-pollo-con-verduras-4-unidades/7236888",
    "price": 3.45,
    "reference_price": 10.78,
    "iva": 10,
    "reference_unit": "1 Kg",
    "date": "2023-01-17"
  },
  {
    "id": 7877,
    "name": "Queso Rallado Hilo CONSUM",
    "description": "Queso Rallado Hilo 110 Gr",
    "category": "Quesos Rallados",
    "url": "https://tienda.consum.es/es/p/queso-rallado-hilo/7237118",
    "price": 0.86,
    "reference_price": 7.82,
    "iva": 0,
    "reference_unit": "1 Kg",
    "date": "2023-01-17"
  },
  {
    "id": 7884,
    "name": "Protegeslip Plegado Normal KYREY",
    "description": "Protegeslip Plegado Normal 28 U",
    "category": "Compresas y protegeslips",
    "url": "https://tienda.consum.es/es/p/protegeslip-plegado-normal/7237407",
    "price": 1.51,
    "reference_price": 0.05,
    "iva": 4,
    "reference_unit": "1 U",
    "date": "2023-01-17"
  },
  {
    "id": 7895,
    "name": "Pan de Molde Clásico sin Gluten SCHÄR",
    "description": "Pan de Molde Clásico sin Gluten 300 Gr",
    "category": "Pan de molde",
    "url": "https://tienda.consum.es/es/p/pan-de-molde-clasico-sin-gluten/7238470",
    "price": 2.99,
    "reference_price": 9.97,
    "iva": 10,
    "reference_unit": "1 Kg",
    "date": "2023-01-17"
  },
  {
    "id": 7896,
    "name": "Patatas Fritas Lisas Bolsa DUSO",
    "description": "Patatas Fritas Lisas Bolsa 140 Gr",
    "category": "Patatas fritas",
    "url": "https://tienda.consum.es/es/p/patatas-fritas-lisas-bolsa/7238681",
    "price": 1.3,
    "reference_price": 9.29,
    "iva": 10,
    "reference_unit": "1 Kg",
    "date": "2023-01-17"
  },
  {
    "id": 7897,
    "name": "Patatas Fritas Lisas Bolsa DUSO",
    "description": "Patatas Fritas Lisas Bolsa 300 Gr",
    "category": "Patatas fritas",
    "url": "https://tienda.consum.es/es/p/patatas-fritas-lisas-bolsa/7238686",
    "price": 2.29,
    "reference_price": 7.63,
    "iva": 10,
    "reference_unit": "1 Kg",
    "date": "2023-01-17"
  },
  {
    "id": 7898,
    "name": "Compresa Noche EVAX",
    "description": "Compresa Noche 18 U",
    "category": "Compresas y protegeslips",
    "url": "https://tienda.consum.es/es/p/compresa-noche/7238694",
    "price": 4.96,
    "reference_price": 0.28,
    "iva": 4,
    "reference_unit": "1 U",
    "date": "2023-01-17"
  },
  {
    "id": 7901,
    "name": "Piña entera ",
    "description": "Piña entera",
    "category": "Fruta tropical",
    "url": "https://tienda.consum.es/es/p/pina-entera/7238731",
    "price": 3.38,
    "reference_price": 1.59,
    "iva": 0,
    "reference_unit": "1 Kg",
    "date": "2023-01-17"
  },
  {
    "id": 7903,
    "name": "Vodka SHARUSKA",
    "description": "Vodka 0,7 L",
    "category": "Licores y vermouth",
    "url": "https://tienda.consum.es/es/p/vodka/7238892",
    "price": 5.19,
    "reference_price": 7.41,
    "iva": 21,
    "reference_unit": "1 L",
    "date": "2023-01-17"
  },
  {
    "id": 7904,
    "name": "Calamar Troceado congelado M.MORENO",
    "description": "Calamar Troceado congelado 450 Gr",
    "category": "Pescados y mariscos",
    "url": "https://tienda.consum.es/es/p/calamar-troceado-congelado/7238921",
    "price": 4.59,
    "reference_price": 10.2,
    "iva": 10,
    "reference_unit": "1 Kg",
    "date": "2023-01-17"
  },
  {
    "id": 7907,
    "name": "Cerveza Botella Cristal Pack-6 E.GALICIA",
    "description": "Cerveza Botella Cristal Pack-6 6 x 0,2 L",
    "category": "Nacional botella",
    "url": "https://tienda.consum.es/es/p/cerveza-botella-cristal-pack-6/7239168",
    "price": 3.3,
    "reference_price": 2.75,
    "iva": 21,
    "reference_unit": "1 L",
    "date": "2023-01-17"
  },
  {
    "id": 7910,
    "name": "Cerveza Tostada Lata AMSTEL ORO",
    "description": "Cerveza Tostada Lata 0,33 L",
    "category": "Especialidades",
    "url": "https://tienda.consum.es/es/p/cerveza-tostada-lata/7239189",
    "price": 0.69,
    "reference_price": 2.09,
    "iva": 21,
    "reference_unit": "1 L",
    "date": "2023-01-17"
  },
  {
    "id": 7914,
    "name": "Caramelo Balsámico Eucalipto PICTOLIN",
    "description": "Caramelo Balsámico Eucalipto 200 Gr",
    "category": "Chicles, caramelos y gominolas",
    "url": "https://tienda.consum.es/es/p/caramelo-balsamico-eucalipto/7239551",
    "price": 1.55,
    "reference_price": 7.75,
    "iva": 10,
    "reference_unit": "1 Kg",
    "date": "2023-01-17"
  },
  {
    "id": 7915,
    "name": "Caramelo Balsámico Eucalipto sin Azúcar PICTOLIN",
    "description": "Caramelo Balsámico Eucalipto sin Azúcar 150 Gr",
    "category": "Chicles, caramelos y gominolas",
    "url": "https://tienda.consum.es/es/p/caramelo-balsamico-eucalipto-sin-azucar/7239556",
    "price": 1.75,
    "reference_price": 11.67,
    "iva": 10,
    "reference_unit": "1 Kg",
    "date": "2023-01-17"
  },
  {
    "id": 7916,
    "name": "Regaliz Nata Fresa KING REGAL",
    "description": "Regaliz Nata Fresa 320 Gr",
    "category": "Chicles, caramelos y gominolas",
    "url": "https://tienda.consum.es/es/p/regaliz-nata-fresa/7239580",
    "price": 1.75,
    "reference_price": 5.47,
    "iva": 10,
    "reference_unit": "1 Kg",
    "date": "2023-01-17"
  },
  {
    "id": 7920,
    "name": "Rulo de Vaca EL PASTOR",
    "description": "Rulo de Vaca 140 Gr",
    "category": "Brie, camembert y cremosos",
    "url": "https://tienda.consum.es/es/p/rulo-de-vaca/7239911",
    "price": 1.78,
    "reference_price": 12.71,
    "iva": 0,
    "reference_unit": "1 Kg",
    "date": "2023-01-17"
  },
  {
    "id": 7928,
    "name": "Mascarilla Tesoros Miel ORIG.REMEDIS",
    "description": "Mascarilla Tesoros Miel 300 ml",
    "category": "Mascarillas cabello",
    "url": "https://tienda.consum.es/es/p/mascarilla-tesoros-miel/7239957",
    "price": 4.15,
    "reference_price": 1.38,
    "iva": 21,
    "reference_unit": "100 ml",
    "date": "2023-01-17"
  },
  {
    "id": 7929,
    "name": "Mascarilla Oliva Mítica ORIG.REMEDIS",
    "description": "Mascarilla Oliva Mítica 300 ml",
    "category": "Mascarillas cabello",
    "url": "https://tienda.consum.es/es/p/mascarilla-oliva-mitica/7239960",
    "price": 4.15,
    "reference_price": 1.38,
    "iva": 21,
    "reference_unit": "100 ml",
    "date": "2023-01-17"
  },
  {
    "id": 7930,
    "name": "Aceite en Crema Oliva Mítica ORIG.REMEDIS",
    "description": "Aceite en Crema Oliva Mítica 200 ml",
    "category": "Serums, aceites y otros",
    "url": "https://tienda.consum.es/es/p/aceite-en-crema-oliva-mitica/7239965",
    "price": 3,
    "reference_price": 1.5,
    "iva": 21,
    "reference_unit": "100 ml",
    "date": "2023-01-17"
  },
  {
    "id": 7934,
    "name": "Bebida Avena Calcio Brik YOSOY",
    "description": "Bebida Avena Calcio Brik 1 L",
    "category": "Bebidas vegetales",
    "url": "https://tienda.consum.es/es/p/bebida-avena-calcio-brik/7240096",
    "price": 1.7,
    "reference_price": 1.7,
    "iva": 10,
    "reference_unit": "1 L",
    "date": "2023-01-17"
  },
  {
    "id": 7935,
    "name": "Gel Exfoliante Facial Puntos Negros CLEAN&CLEAR",
    "description": "Gel Exfoliante Facial Puntos Negros 150 ml",
    "category": "Limpieza y desmaquilladores",
    "url": "https://tienda.consum.es/es/p/gel-exfoliante-facial-puntos-negros/7240166",
    "price": 4.99,
    "reference_price": 3.33,
    "iva": 21,
    "reference_unit": "100 ml",
    "date": "2023-01-17"
  },
  {
    "id": 7937,
    "name": "Bebida de Almendras Brik ALMENDROLA",
    "description": "Bebida de Almendras Brik 1 L",
    "category": "Bebidas vegetales",
    "url": "https://tienda.consum.es/es/p/bebida-de-almendras-brik/7240224",
    "price": 1.99,
    "reference_price": 1.99,
    "iva": 10,
    "reference_unit": "1 L",
    "date": "2023-01-17"
  },
  {
    "id": 7941,
    "name": "Mermelada Diet Frambuesa VIEJA FABRIC",
    "description": "Mermelada Diet Frambuesa 280 Gr",
    "category": "Mermeladas y confituras",
    "url": "https://tienda.consum.es/es/p/mermelada-diet-frambuesa/7240286",
    "price": 2.85,
    "reference_price": 10.18,
    "iva": 10,
    "reference_unit": "1 Kg",
    "date": "2023-01-17"
  },
  {
    "id": 7942,
    "name": "Mermelada Diet Naranja Amarga VIEJA FABRIC",
    "description": "Mermelada Diet Naranja Amarga 280 Gr",
    "category": "Mermeladas y confituras",
    "url": "https://tienda.consum.es/es/p/mermelada-diet-naranja-amarga/7240302",
    "price": 2.2,
    "reference_price": 7.86,
    "iva": 10,
    "reference_unit": "1 Kg",
    "date": "2023-01-17"
  },
  {
    "id": 7943,
    "name": "Té Verde con Jengibre Sabor Naranja POMPADOUR",
    "description": "Té Verde con Jengibre Sabor Naranja 20 U",
    "category": "Té",
    "url": "https://tienda.consum.es/es/p/te-verde-con-jengibre-sabor-naranja/7240591",
    "price": 2.5,
    "reference_price": 0.13,
    "iva": 10,
    "reference_unit": "1 U",
    "date": "2023-01-17"
  },
  {
    "id": 7947,
    "name": "Leche Entera Ecológica Brik PULEVA",
    "description": "Leche Entera Ecológica Brik 1 L",
    "category": "Leches especiales",
    "url": "https://tienda.consum.es/es/p/leche-entera-ecologica-brik/7241011",
    "price": 1.53,
    "reference_price": 1.53,
    "iva": 0,
    "reference_unit": "1 L",
    "date": "2023-01-17"
  },
  {
    "id": 7956,
    "name": "Rollo Cocina Maxi Asso Ultra 3 Capas FOXY",
    "description": "Rollo Cocina Maxi Asso Ultra 3 Capas 2 U",
    "category": "Celulosa",
    "url": "https://tienda.consum.es/es/p/rollo-cocina-maxi-asso-ultra-3-capas/7241292",
    "price": 4.05,
    "reference_price": 2.03,
    "iva": 21,
    "reference_unit": "1 U",
    "date": "2023-01-17"
  },
  {
    "id": 7957,
    "name": "Café Molido Mezcla Pack de 2 BONKA",
    "description": "Café Molido Mezcla Pack de 2 2 x 250 Gr",
    "category": "Café Molido mezcla",
    "url": "https://tienda.consum.es/es/p/cafe-molido-mezcla-pack-de-2/7241540",
    "price": 4.39,
    "reference_price": 8.78,
    "iva": 10,
    "reference_unit": "1 Kg",
    "date": "2023-01-17"
  },
  {
    "id": 7961,
    "name": "Cerveza Tostada Lata TURIA",
    "description": "Cerveza Tostada Lata 0,33 L",
    "category": "Especialidades",
    "url": "https://tienda.consum.es/es/p/cerveza-tostada-lata/7241839",
    "price": 0.74,
    "reference_price": 2.24,
    "iva": 21,
    "reference_unit": "1 L",
    "date": "2023-01-17"
  },
  {
    "id": 7964,
    "name": "Cereales All-Bran Chocolate Caja KELLOGG'S",
    "description": "Cereales All-Bran Chocolate Caja 375 Gr",
    "category": "Cereales",
    "url": "https://tienda.consum.es/es/p/cereales-all-bran-chocolate-caja/7242225",
    "price": 2.99,
    "reference_price": 7.97,
    "iva": 10,
    "reference_unit": "1 Kg",
    "date": "2023-01-17"
  },
  {
    "id": 7966,
    "name": "Muesli Chocolate Extra Crujiente KELLOGG'S",
    "description": "Muesli Chocolate Extra Crujiente 375 Gr",
    "category": "Muesli",
    "url": "https://tienda.consum.es/es/p/muesli-chocolate-extra-crujiente/7242258",
    "price": 3.69,
    "reference_price": 9.84,
    "iva": 10,
    "reference_unit": "1 Kg",
    "date": "2023-01-17"
  },
  {
    "id": 7967,
    "name": "Tortita Maíz Jordi Cruz Seta, Trufa y Parmesano BICENTURY",
    "description": "Tortita Maíz Jordi Cruz Seta, Trufa y Parmesano 123,5 Gr",
    "category": "Alimentación dietética básica",
    "url": "https://tienda.consum.es/es/p/tortita-maiz-jordi-cruz-seta-trufa-y-parmesano/7242480",
    "price": 1.99,
    "reference_price": 16.11,
    "iva": 10,
    "reference_unit": "1 Kg",
    "date": "2023-01-17"
  },
  {
    "id": 7969,
    "name": "Chuletas de Pavo Marinadas al Ajillo ALDELIS",
    "description": "Chuletas de Pavo Marinadas al Ajillo",
    "category": "Aves y conejo",
    "url": "https://tienda.consum.es/es/p/chuletas-de-pavo-marinadas-al-ajillo/7242522",
    "price": 4.1,
    "reference_price": 8.2,
    "iva": 10,
    "reference_unit": "1 Kg",
    "date": "2023-01-17"
  },
  {
    "id": 7971,
    "name": "Pan de Molde Sandwich Grande BIMBO",
    "description": "Pan de Molde Sandwich Grande 375 Gr",
    "category": "Pan de molde",
    "url": "https://tienda.consum.es/es/p/pan-de-molde-sandwich-grande/7242543",
    "price": 1.5,
    "reference_price": 4,
    "iva": 10,
    "reference_unit": "1 Kg",
    "date": "2023-01-17"
  },
  {
    "id": 7973,
    "name": "Bebida de Coco Brik ALPRO",
    "description": "Bebida de Coco Brik 1 L",
    "category": "Bebidas vegetales",
    "url": "https://tienda.consum.es/es/p/bebida-de-coco-brik/7242592",
    "price": 2.19,
    "reference_price": 2.19,
    "iva": 10,
    "reference_unit": "1 L",
    "date": "2023-01-17"
  },
  {
    "id": 7975,
    "name": "Mantequilla Tradicional Tarrina ASTURIANA",
    "description": "Mantequilla Tradicional Tarrina 250 Gr",
    "category": "Mantequilla y margarina",
    "url": "https://tienda.consum.es/es/p/mantequilla-tradicional-tarrina/7242618",
    "price": 3.55,
    "reference_price": 14.2,
    "iva": 10,
    "reference_unit": "1 Kg",
    "date": "2023-01-17"
  },
  {
    "id": 7976,
    "name": "Alcaparras en Vinagre Tarro CONSUM",
    "description": "Alcaparras en Vinagre Tarro 80 Gr",
    "category": "Alcaparras",
    "url": "https://tienda.consum.es/es/p/alcaparras-en-vinagre-tarro/7242634",
    "price": 1.1,
    "reference_price": 13.75,
    "iva": 10,
    "reference_unit": "1 Kg",
    "date": "2023-01-17"
  },
  {
    "id": 7980,
    "name": "Cerveza Lata 5 Estrellas MAHOU",
    "description": "Cerveza Lata 5 Estrellas 0,25 L",
    "category": "Nacional lata",
    "url": "https://tienda.consum.es/es/p/cerveza-lata-5-estrellas/7243264",
    "price": 0.69,
    "reference_price": 2.76,
    "iva": 21,
    "reference_unit": "1 L",
    "date": "2023-01-17"
  },
  {
    "id": 7983,
    "name": "Enjuague Bucal Blanqueador LISTERINE",
    "description": "Enjuague Bucal Blanqueador 500 ml",
    "category": "Higiene bucal",
    "url": "https://tienda.consum.es/es/p/enjuague-bucal-blanqueador/7243376",
    "price": 5.95,
    "reference_price": 1.19,
    "iva": 21,
    "reference_unit": "100 ml",
    "date": "2023-01-17"
  },
  {
    "id": 7985,
    "name": "Nata sin Lactosa ASTURIANA",
    "description": "Nata sin Lactosa 200 ml",
    "category": "Nata para cocinar",
    "url": "https://tienda.consum.es/es/p/nata-sin-lactosa/7243462",
    "price": 1.65,
    "reference_price": 8.25,
    "iva": 10,
    "reference_unit": "1 L",
    "date": "2023-01-17"
  },
  {
    "id": 7986,
    "name": "Café Soluble Natural Vitalissimo NESCAFE",
    "description": "Café Soluble Natural Vitalissimo 200 Gr",
    "category": "Café Soluble ",
    "url": "https://tienda.consum.es/es/p/cafe-soluble-natural-vitalissimo/7243665",
    "price": 5.95,
    "reference_price": 29.75,
    "iva": 10,
    "reference_unit": "1 Kg",
    "date": "2023-01-17"
  },
  {
    "id": 7988,
    "name": "Peques3 Preparado Lácteo Cereales y Fruta PULEVA",
    "description": "Peques3 Preparado Lácteo Cereales y Fruta 3 x 200 ml",
    "category": "Leche crecimiento infantil",
    "url": "https://tienda.consum.es/es/p/peques3-preparado-lacteo-cereales-y-fruta/7243918",
    "price": 1.85,
    "reference_price": 3.08,
    "iva": 10,
    "reference_unit": "1 L",
    "date": "2023-01-17"
  },
  {
    "id": 7990,
    "name": "Cerveza Lata AMSTEL",
    "description": "Cerveza Lata 0,5 L",
    "category": "Nacional lata",
    "url": "https://tienda.consum.es/es/p/cerveza-lata/7244010",
    "price": 1.09,
    "reference_price": 2.18,
    "iva": 21,
    "reference_unit": "1 L",
    "date": "2023-01-17"
  },
  {
    "id": 7993,
    "name": "Cacahuetes con Miel Paquete CONSUM",
    "description": "Cacahuetes con Miel Paquete 150 Gr",
    "category": "Otros frutos secos",
    "url": "https://tienda.consum.es/es/p/cacahuetes-con-miel-paquete/7244184",
    "price": 1.3,
    "reference_price": 8.67,
    "iva": 10,
    "reference_unit": "1 Kg",
    "date": "2023-01-17"
  },
  {
    "id": 7995,
    "name": "Enjuague Bucal Flúor Menta KYREY",
    "description": "Enjuague Bucal Flúor Menta 500 ml",
    "category": "Antisépticos y enjuagues",
    "url": "https://tienda.consum.es/es/p/enjuague-bucal-fluor-menta/7244221",
    "price": 1.55,
    "reference_price": 0.31,
    "iva": 21,
    "reference_unit": "100 ml",
    "date": "2023-01-17"
  },
  {
    "id": 7998,
    "name": "Albondiga Mixta CONSUM",
    "description": "Albondiga Mixta 375 Gr",
    "category": "Picadas y hamburguesas",
    "url": "https://tienda.consum.es/es/p/albondiga-mixta/7244460",
    "price": 3.25,
    "reference_price": 8.67,
    "iva": 10,
    "reference_unit": "1 Kg",
    "date": "2023-01-17"
  },
  {
    "id": 7999,
    "name": "Té Tips 40 Bolsitas P.G TIPS",
    "description": "Té Tips 40 Bolsitas 40 U",
    "category": "Té",
    "url": "https://tienda.consum.es/es/p/te-tips-40-bolsitas/7244499",
    "price": 1.75,
    "reference_price": 0.04,
    "iva": 10,
    "reference_unit": "1 U",
    "date": "2023-01-17"
  },
  {
    "id": 8004,
    "name": "Esponja Jabonosa Desechable GREEN NATURE",
    "description": "Esponja Jabonosa Desechable 10 U",
    "category": "Esponjas",
    "url": "https://tienda.consum.es/es/p/esponja-jabonosa-desechable/7244569",
    "price": 1.2,
    "reference_price": 0.12,
    "iva": 21,
    "reference_unit": "1 U",
    "date": "2023-01-17"
  },
  {
    "id": 8007,
    "name": "Babero Desechable PONETTE",
    "description": "Babero Desechable 10 U",
    "category": "Puericultura",
    "url": "https://tienda.consum.es/es/p/babero-desechable/7244809",
    "price": 1.95,
    "reference_price": 0.2,
    "iva": 21,
    "reference_unit": "1 U",
    "date": "2023-01-17"
  },
  {
    "id": 8009,
    "name": "Café Descafeinado Intenso Cápsulas DOLCE GUSTO",
    "description": "Café Descafeinado Intenso Cápsulas 16 U",
    "category": "Café en cápsulas",
    "url": "https://tienda.consum.es/es/p/cafe-descafeinado-intenso-capsulas/7245301",
    "price": 4.89,
    "reference_price": 0.31,
    "iva": 10,
    "reference_unit": "1 U",
    "date": "2023-01-17"
  },
  {
    "id": 8012,
    "name": "Taquitos Salmón Ahumad Noruego LA BALINESA",
    "description": "Taquitos Salmón Ahumad Noruego 75 Gr",
    "category": "Ahumados",
    "url": "https://tienda.consum.es/es/p/taquitos-salmon-ahumad-noruego/7245616",
    "price": 2.99,
    "reference_price": 39.87,
    "iva": 10,
    "reference_unit": "1 Kg",
    "date": "2023-01-17"
  },
  {
    "id": 8013,
    "name": "Bebida Energética Lata CONTACT",
    "description": "Bebida Energética Lata 0,5 L",
    "category": "Energéticas",
    "url": "https://tienda.consum.es/es/p/bebida-energetica-lata/7245629",
    "price": 0.75,
    "reference_price": 1.5,
    "iva": 21,
    "reference_unit": "1 L",
    "date": "2023-01-17"
  },
  {
    "id": 8015,
    "name": "Máquina Desechable 2H con Banda MYSTIQUE",
    "description": "Máquina Desechable 2H con Banda 5 U",
    "category": "Maquinillas y recambios",
    "url": "https://tienda.consum.es/es/p/maquina-desechable-2h-con-banda/7245822",
    "price": 1,
    "reference_price": 0.2,
    "iva": 21,
    "reference_unit": "1 U",
    "date": "2023-01-17"
  },
  {
    "id": 8017,
    "name": "Tinte 8.1 Rubio Claro Ceniza PALETTE",
    "description": "Tinte 8.1 Rubio Claro Ceniza 1 U",
    "category": "Coloración",
    "url": "https://tienda.consum.es/es/p/tinte-81-rubio-claro-ceniza/7246072",
    "price": 4.29,
    "reference_price": 4.29,
    "iva": 21,
    "reference_unit": "1 U",
    "date": "2023-01-17"
  },
  {
    "id": 8021,
    "name": "Chocolate Negro 70% Cacao VALOR",
    "description": "Chocolate Negro 70% Cacao 200 Gr",
    "category": "Tabletas",
    "url": "https://tienda.consum.es/es/p/chocolate-negro-70-cacao/7246242",
    "price": 2.35,
    "reference_price": 11.75,
    "iva": 10,
    "reference_unit": "1 Kg",
    "date": "2023-01-17"
  },
  {
    "id": 8026,
    "name": "Vaselina SENTI-2",
    "description": "Vaselina 100 Gr",
    "category": "Otros",
    "url": "https://tienda.consum.es/es/p/vaselina/7246478",
    "price": 1.99,
    "reference_price": 19.9,
    "iva": 21,
    "reference_unit": "1 Kg",
    "date": "2023-01-17"
  },
  {
    "id": 8027,
    "name": "Plumas Pasta Fina Paquete GALLO",
    "description": "Plumas Pasta Fina Paquete 400 Gr",
    "category": "Macarrones, espaguetis y tallarines",
    "url": "https://tienda.consum.es/es/p/plumas-pasta-fina-paquete/7246622",
    "price": 1.33,
    "reference_price": 3.33,
    "iva": 5,
    "reference_unit": "1 Kg",
    "date": "2023-01-17"
  },
  {
    "id": 8029,
    "name": "Cerveza 0,0% Lata AMSTEL",
    "description": "Cerveza 0,0% Lata 0,33 L",
    "category": "Light",
    "url": "https://tienda.consum.es/es/p/cerveza-00-lata/7246700",
    "price": 0.69,
    "reference_price": 2.09,
    "iva": 21,
    "reference_unit": "1 L",
    "date": "2023-01-17"
  },
  {
    "id": 8032,
    "name": "Hummus con Aceitunas DELITUSS",
    "description": "Hummus con Aceitunas 150 Gr",
    "category": "Ensaladas y humus",
    "url": "https://tienda.consum.es/es/p/hummus-con-aceitunas/7246783",
    "price": 1.49,
    "reference_price": 9.93,
    "iva": 10,
    "reference_unit": "1 Kg",
    "date": "2023-01-17"
  },
  {
    "id": 8033,
    "name": "Cerveza Botella Cristal AMSTEL",
    "description": "Cerveza Botella Cristal 1 L",
    "category": "Nacional botella",
    "url": "https://tienda.consum.es/es/p/cerveza-botella-cristal/7246841",
    "price": 1.66,
    "reference_price": 1.66,
    "iva": 21,
    "reference_unit": "1 L",
    "date": "2023-01-17"
  },
  {
    "id": 8035,
    "name": "Tinte Chocolate Nº37 COLORSILK",
    "description": "Tinte Chocolate Nº37 1 U",
    "category": "Coloración",
    "url": "https://tienda.consum.es/es/p/tinte-chocolate-n37/7247133",
    "price": 3.59,
    "reference_price": 3.59,
    "iva": 21,
    "reference_unit": "1 U",
    "date": "2023-01-17"
  },
  {
    "id": 8036,
    "name": "Tinte Castaño Oscuro Nº30 COLORSILK",
    "description": "Tinte Castaño Oscuro Nº30 1 U",
    "category": "Coloración",
    "url": "https://tienda.consum.es/es/p/tinte-castano-oscuro-n30/7247138",
    "price": 3.59,
    "reference_price": 3.59,
    "iva": 21,
    "reference_unit": "1 U",
    "date": "2023-01-17"
  },
  {
    "id": 8037,
    "name": "Tinte Negro Nº10 COLORSILK",
    "description": "Tinte Negro Nº10 1 U",
    "category": "Coloración",
    "url": "https://tienda.consum.es/es/p/tinte-negro-n10/7247141",
    "price": 3.59,
    "reference_price": 3.59,
    "iva": 21,
    "reference_unit": "1 U",
    "date": "2023-01-17"
  },
  {
    "id": 8038,
    "name": "Tinte Castaño Medio Nº41 COLORSILK",
    "description": "Tinte Castaño Medio Nº41 1 U",
    "category": "Coloración",
    "url": "https://tienda.consum.es/es/p/tinte-castano-medio-n41/7247153",
    "price": 3.59,
    "reference_price": 3.59,
    "iva": 21,
    "reference_unit": "1 U",
    "date": "2023-01-17"
  },
  {
    "id": 8039,
    "name": "Dentífrico Max White One Optic COLGATE",
    "description": "Dentífrico Max White One Optic 75 ml",
    "category": "Dentífricos",
    "url": "https://tienda.consum.es/es/p/dentifrico-max-white-one-optic/7247166",
    "price": 3.19,
    "reference_price": 4.25,
    "iva": 21,
    "reference_unit": "100 ml",
    "date": "2023-01-17"
  },
  {
    "id": 8040,
    "name": "Tinte Castaño Claro Nº51 COLORSILK",
    "description": "Tinte Castaño Claro Nº51 1 U",
    "category": "Coloración",
    "url": "https://tienda.consum.es/es/p/tinte-castano-claro-n51/7247182",
    "price": 3.59,
    "reference_price": 3.59,
    "iva": 21,
    "reference_unit": "1 U",
    "date": "2023-01-17"
  },
  {
    "id": 8041,
    "name": "Tinte Rubio Oscuro Ceniza Nº60 COLORSILK",
    "description": "Tinte Rubio Oscuro Ceniza Nº60 1 U",
    "category": "Coloración",
    "url": "https://tienda.consum.es/es/p/tinte-rubio-oscuro-ceniza-n60/7247187",
    "price": 3.59,
    "reference_price": 3.59,
    "iva": 21,
    "reference_unit": "1 U",
    "date": "2023-01-17"
  },
  {
    "id": 8043,
    "name": "Galleta Digestive Manzana y Avena FONTANEDA",
    "description": "Galleta Digestive Manzana y Avena 225 Gr",
    "category": "Galletas saludables",
    "url": "https://tienda.consum.es/es/p/galleta-digestive-manzana-y-avena/7247211",
    "price": 1,
    "reference_price": 4.44,
    "iva": 10,
    "reference_unit": "1 Kg",
    "date": "2023-01-17"
  },
  {
    "id": 8050,
    "name": "Champiñón Laminado ",
    "description": "Champiñón Laminado 225 Gr",
    "category": "Champiñones y setas",
    "url": "https://tienda.consum.es/es/p/champinon-laminado/7247596",
    "price": 1.43,
    "reference_price": 6.36,
    "iva": 0,
    "reference_unit": "1 Kg",
    "date": "2023-01-17"
  },
  {
    "id": 8052,
    "name": "Kéfir Vaca EL PASTORET",
    "description": "Kéfir Vaca 500 Gr",
    "category": "Yogures especial salud",
    "url": "https://tienda.consum.es/es/p/kefir-vaca/7247674",
    "price": 2.45,
    "reference_price": 4.9,
    "iva": 10,
    "reference_unit": "1 Kg",
    "date": "2023-01-17"
  },
  {
    "id": 8054,
    "name": "Chocolate con Leche Extrafino NESTLE",
    "description": "Chocolate con Leche Extrafino 125 Gr",
    "category": "Tabletas",
    "url": "https://tienda.consum.es/es/p/chocolate-con-leche-extrafino/7247810",
    "price": 0.99,
    "reference_price": 7.92,
    "iva": 10,
    "reference_unit": "1 Kg",
    "date": "2023-01-17"
  },
  {
    "id": 8055,
    "name": "Comida Húmeda Gatos Carne WHISKAS",
    "description": "Comida Húmeda Gatos Carne 4 x 100 Gr",
    "category": "Húmedo",
    "url": "https://tienda.consum.es/es/p/comida-humeda-gatos-carne/7247898",
    "price": 2.29,
    "reference_price": 5.73,
    "iva": 10,
    "reference_unit": "1 Kg",
    "date": "2023-01-17"
  },
  {
    "id": 8056,
    "name": "Chocolate con Leche Extrafino Pack NESTLE",
    "description": "Chocolate con Leche Extrafino Pack 3 x 125 Gr",
    "category": "Tabletas",
    "url": "https://tienda.consum.es/es/p/chocolate-con-leche-extrafino-pack/7247950",
    "price": 2.85,
    "reference_price": 7.6,
    "iva": 10,
    "reference_unit": "1 Kg",
    "date": "2023-01-17"
  },
  {
    "id": 8057,
    "name": "Chocolate Extrafino Avellanas NESTLE",
    "description": "Chocolate Extrafino Avellanas 123 Gr",
    "category": "Tabletas",
    "url": "https://tienda.consum.es/es/p/chocolate-extrafino-avellanas/7247955",
    "price": 1.39,
    "reference_price": 11.3,
    "iva": 10,
    "reference_unit": "1 Kg",
    "date": "2023-01-17"
  },
  {
    "id": 8058,
    "name": "Chocolate Extrafino con Almendras NESTLE",
    "description": "Chocolate Extrafino con Almendras 123 Gr",
    "category": "Tabletas",
    "url": "https://tienda.consum.es/es/p/chocolate-extrafino-con-almendras/7247963",
    "price": 1.25,
    "reference_price": 10.16,
    "iva": 10,
    "reference_unit": "1 Kg",
    "date": "2023-01-17"
  },
  {
    "id": 8059,
    "name": "Crema Intensiva Antiedad Revitalift Laser X3 L'OREAL",
    "description": "Crema Intensiva Antiedad Revitalift Laser X3 50 ml",
    "category": "Hidratación",
    "url": "https://tienda.consum.es/es/p/crema-intensiva-antiedad-revitalift-laser-x3/7248180",
    "price": 14.95,
    "reference_price": 29.9,
    "iva": 21,
    "reference_unit": "100 ml",
    "date": "2023-01-17"
  },
  {
    "id": 8060,
    "name": "Serum Revitalift Láser X3 L'OREAL",
    "description": "Serum Revitalift Láser X3 1 U",
    "category": "Tratamiento",
    "url": "https://tienda.consum.es/es/p/serum-revitalift-laser-x3/7248185",
    "price": 15.9,
    "reference_price": 15.9,
    "iva": 21,
    "reference_unit": "1 U",
    "date": "2023-01-17"
  },
  {
    "id": 8072,
    "name": "Preparado Lácteo Max sin Lactosa PULEVA",
    "description": "Preparado Lácteo Max sin Lactosa 1 L",
    "category": "Leche crecimiento infantil",
    "url": "https://tienda.consum.es/es/p/preparado-lacteo-max-sin-lactosa/7248946",
    "price": 1.85,
    "reference_price": 1.85,
    "iva": 10,
    "reference_unit": "1 L",
    "date": "2023-01-17"
  },
  {
    "id": 8078,
    "name": "Colonia Masculina Nº66 CARAVAN",
    "description": "Colonia Masculina Nº66 150 ml",
    "category": "Masculinas",
    "url": "https://tienda.consum.es/es/p/colonia-masculina-n66/7249316",
    "price": 10.95,
    "reference_price": 7.3,
    "iva": 21,
    "reference_unit": "100 ml",
    "date": "2023-01-17"
  },
  {
    "id": 8097,
    "name": "Pan de Gambas Bolsa GO-TAN",
    "description": "Pan de Gambas Bolsa 50 Gr",
    "category": "Cocina internacional",
    "url": "https://tienda.consum.es/es/p/pan-de-gambas-bolsa/7250298",
    "price": 1.74,
    "reference_price": 34.8,
    "iva": 10,
    "reference_unit": "1 Kg",
    "date": "2023-01-17"
  },
  {
    "id": 8098,
    "name": "Café Expresso Natural Molido CONSUM",
    "description": "Café Expresso Natural Molido 250 Gr",
    "category": "Café Molido natural",
    "url": "https://tienda.consum.es/es/p/cafe-expresso-natural-molido/7250330",
    "price": 1.95,
    "reference_price": 7.8,
    "iva": 10,
    "reference_unit": "1 Kg",
    "date": "2023-01-17"
  },
  {
    "id": 8102,
    "name": "Compresa Discreet Mini AUSONIA",
    "description": "Compresa Discreet Mini 20 U",
    "category": "Compresas y protegeslips",
    "url": "https://tienda.consum.es/es/p/compresa-discreet-mini/7250400",
    "price": 3.99,
    "reference_price": 0.2,
    "iva": 10,
    "reference_unit": "1 U",
    "date": "2023-01-17"
  },
  {
    "id": 8103,
    "name": "Compresa Discreet Normal AUSONIA",
    "description": "Compresa Discreet Normal 12 U",
    "category": "Compresas y protegeslips",
    "url": "https://tienda.consum.es/es/p/compresa-discreet-normal/7250413",
    "price": 4.39,
    "reference_price": 0.37,
    "iva": 10,
    "reference_unit": "1 U",
    "date": "2023-01-17"
  },
  {
    "id": 8105,
    "name": "Jabón de Manos Glicerina LIDA",
    "description": "Jabón de Manos Glicerina 250 ml",
    "category": "Gel de manos",
    "url": "https://tienda.consum.es/es/p/jabon-de-manos-glicerina/7250426",
    "price": 2.69,
    "reference_price": 1.08,
    "iva": 21,
    "reference_unit": "100 ml",
    "date": "2023-01-17"
  },
  {
    "id": 8106,
    "name": "Platanitos Maduros Bolsa SOLDANZA",
    "description": "Platanitos Maduros Bolsa 71 Gr",
    "category": "Cocina internacional",
    "url": "https://tienda.consum.es/es/p/platanitos-maduros-bolsa/7250504",
    "price": 1.15,
    "reference_price": 16.2,
    "iva": 10,
    "reference_unit": "1 Kg",
    "date": "2023-01-17"
  },
  {
    "id": 8107,
    "name": "Gyoza de Carne al Vapor TA-TUNG",
    "description": "Gyoza de Carne al Vapor 170 Gr",
    "category": "Asiático",
    "url": "https://tienda.consum.es/es/p/gyoza-de-carne-al-vapor/7250608",
    "price": 3.79,
    "reference_price": 22.29,
    "iva": 10,
    "reference_unit": "1 Kg",
    "date": "2023-01-17"
  },
  {
    "id": 8109,
    "name": "Galletas Desayuno con Chocolate Negro CONSUM",
    "description": "Galletas Desayuno con Chocolate Negro 400 Gr",
    "category": "Desayuno y maría",
    "url": "https://tienda.consum.es/es/p/galletas-desayuno-con-chocolate-negro/7250827",
    "price": 1.75,
    "reference_price": 4.38,
    "iva": 10,
    "reference_unit": "1 Kg",
    "date": "2023-01-17"
  },
  {
    "id": 8110,
    "name": "Quinoa 100% Paquete SOS",
    "description": "Quinoa 100% Paquete 250 Gr",
    "category": "Especial, integral y sémolas",
    "url": "https://tienda.consum.es/es/p/quinoa-100-paquete/7250918",
    "price": 1.88,
    "reference_price": 7.52,
    "iva": 0,
    "reference_unit": "1 Kg",
    "date": "2023-01-17"
  },
  {
    "id": 8114,
    "name": "Toallitas Desmaquillantes Piel Normal/Mixta NIVEA",
    "description": "Toallitas Desmaquillantes Piel Normal/Mixta 40 U",
    "category": "Limpieza y desmaquilladores",
    "url": "https://tienda.consum.es/es/p/toallitas-desmaquillantes-piel-normal/mixta/7251085",
    "price": 2.15,
    "reference_price": 0.05,
    "iva": 21,
    "reference_unit": "1 U",
    "date": "2023-01-17"
  },
  {
    "id": 8118,
    "name": "Crema de Untar NUTELLA",
    "description": "Crema de Untar 350 Gr",
    "category": "Cremas de desayuno",
    "url": "https://tienda.consum.es/es/p/crema-de-untar/7251494",
    "price": 3.19,
    "reference_price": 9.11,
    "iva": 10,
    "reference_unit": "1 Kg",
    "date": "2023-01-17"
  },
  {
    "id": 8119,
    "name": "Parches para Acné ACTY PATCH",
    "description": "Parches para Acné 40 U",
    "category": "Limpieza y desmaquilladores",
    "url": "https://tienda.consum.es/es/p/parches-para-acne/7251853",
    "price": 3.15,
    "reference_price": 0.08,
    "iva": 21,
    "reference_unit": "1 U",
    "date": "2023-01-17"
  },
  {
    "id": 8122,
    "name": "Bebida Multivitaminas Brik DON SIMON",
    "description": "Bebida Multivitaminas Brik 2 L",
    "category": "Zumos y néctares no refrigerados",
    "url": "https://tienda.consum.es/es/p/bebida-multivitaminas-brik/7252331",
    "price": 1.1,
    "reference_price": 0.55,
    "iva": 21,
    "reference_unit": "1 L",
    "date": "2023-01-17"
  },
  {
    "id": 8124,
    "name": "Loción Cabello Camomila Rubio Natural INTEA",
    "description": "Loción Cabello Camomila Rubio Natural 100 ml",
    "category": "Serums, aceites y otros",
    "url": "https://tienda.consum.es/es/p/locion-cabello-camomila-rubio-natural/7252393",
    "price": 8.8,
    "reference_price": 8.8,
    "iva": 21,
    "reference_unit": "100 ml",
    "date": "2023-01-17"
  },
  {
    "id": 8125,
    "name": "Galleta Oreo Golden LU",
    "description": "Galleta Oreo Golden 154 Gr",
    "category": "Galletas",
    "url": "https://tienda.consum.es/es/p/galleta-oreo-golden/7252430",
    "price": 1.49,
    "reference_price": 9.68,
    "iva": 10,
    "reference_unit": "1 Kg",
    "date": "2023-01-17"
  },
  {
    "id": 8132,
    "name": "Cerveza sin Gluten Botella SAN MIGUEL",
    "description": "Cerveza sin Gluten Botella 0,33 L",
    "category": "Nacional botella",
    "url": "https://tienda.consum.es/es/p/cerveza-sin-gluten-botella/7252810",
    "price": 0.99,
    "reference_price": 3,
    "iva": 21,
    "reference_unit": "1 L",
    "date": "2023-01-17"
  },
  {
    "id": 8136,
    "name": "Vino Blanco de Mesa Botella ROIXELA",
    "description": "Vino Blanco de Mesa Botella 1 L",
    "category": "Mesa",
    "url": "https://tienda.consum.es/es/p/vino-blanco-de-mesa-botella/7253219",
    "price": 1.49,
    "reference_price": 1.49,
    "iva": 21,
    "reference_unit": "1 L",
    "date": "2023-01-17"
  },
  {
    "id": 8140,
    "name": "Desodorante Roll On Original LACTOVIT",
    "description": "Desodorante Roll On Original 50 ml",
    "category": "Roll on",
    "url": "https://tienda.consum.es/es/p/desodorante-roll-on-original/7254048",
    "price": 2.35,
    "reference_price": 4.7,
    "iva": 21,
    "reference_unit": "100 ml",
    "date": "2023-01-17"
  },
  {
    "id": 8141,
    "name": "Sopa de Pollo con Fideos Finos Baja en Sal Sobre G.BLANCA",
    "description": "Sopa de Pollo con Fideos Finos Baja en Sal Sobre 68 Gr",
    "category": "Preparados en sobre",
    "url": "https://tienda.consum.es/es/p/sopa-de-pollo-con-fideos-finos-baja-en-sal-sobre/7254068",
    "price": 0.69,
    "reference_price": 10.15,
    "iva": 10,
    "reference_unit": "1 Kg",
    "date": "2023-01-17"
  },
  {
    "id": 8143,
    "name": "Mermelada Frutas del Bosque VIEJA FABRIC",
    "description": "Mermelada Frutas del Bosque 350 Gr",
    "category": "Mermeladas y confituras",
    "url": "https://tienda.consum.es/es/p/mermelada-frutas-del-bosque/7254225",
    "price": 2.55,
    "reference_price": 7.29,
    "iva": 10,
    "reference_unit": "1 Kg",
    "date": "2023-01-17"
  },
  {
    "id": 8150,
    "name": "Burger Entrecot Aguja 2 Unidades ROLER",
    "description": "Burger Entrecot Aguja 2 Unidades 240 Gr",
    "category": "Picadas y hamburguesas",
    "url": "https://tienda.consum.es/es/p/burger-entrecot-aguja-2-unidades/7254394",
    "price": 3.89,
    "reference_price": 16.21,
    "iva": 10,
    "reference_unit": "1 Kg",
    "date": "2023-01-17"
  },
  {
    "id": 8154,
    "name": "Vino Tinto de Mesa Botella ROIXELA",
    "description": "Vino Tinto de Mesa Botella 1 L",
    "category": "Mesa",
    "url": "https://tienda.consum.es/es/p/vino-tinto-de-mesa-botella/7254857",
    "price": 1.49,
    "reference_price": 1.49,
    "iva": 21,
    "reference_unit": "1 L",
    "date": "2023-01-17"
  },
  {
    "id": 8156,
    "name": "Bifrutas Tropical Zero Pack de 6 BIFRUTAS",
    "description": "Bifrutas Tropical Zero Pack de 6 6 x 200 ml",
    "category": "Zumos con leche",
    "url": "https://tienda.consum.es/es/p/bifrutas-tropical-zero-pack-de-6/7255099",
    "price": 2.39,
    "reference_price": 1.99,
    "iva": 21,
    "reference_unit": "1 L",
    "date": "2023-01-17"
  },
  {
    "id": 8161,
    "name": "Laca Fuerte NELLY",
    "description": "Laca Fuerte 400 ml",
    "category": "Lacas",
    "url": "https://tienda.consum.es/es/p/laca-fuerte/7255664",
    "price": 3.15,
    "reference_price": 0.79,
    "iva": 21,
    "reference_unit": "100 ml",
    "date": "2023-01-17"
  },
  {
    "id": 8166,
    "name": "Salsa Romesco Tarro D'ATENEA",
    "description": "Salsa Romesco Tarro 290 Gr",
    "category": "Otras salsas",
    "url": "https://tienda.consum.es/es/p/salsa-romesco-tarro/7256159",
    "price": 2.65,
    "reference_price": 9.14,
    "iva": 10,
    "reference_unit": "1 Kg",
    "date": "2023-01-17"
  },
  {
    "id": 8167,
    "name": "Champú Cebolla ANIAN",
    "description": "Champú Cebolla 400 ml",
    "category": "Champú",
    "url": "https://tienda.consum.es/es/p/champu-cebolla/7256253",
    "price": 2.49,
    "reference_price": 0.62,
    "iva": 21,
    "reference_unit": "100 ml",
    "date": "2023-01-17"
  },
  {
    "id": 8178,
    "name": "Azúcar Glace Bote AZUCARERA",
    "description": "Azúcar Glace Bote 500 Gr",
    "category": "Azúcar",
    "url": "https://tienda.consum.es/es/p/azucar-glace-bote/7256915",
    "price": 2.55,
    "reference_price": 5.1,
    "iva": 10,
    "reference_unit": "1 Kg",
    "date": "2023-01-17"
  },
  {
    "id": 8182,
    "name": "Pila Alcalina AA LR6 Pack de 8 BAT",
    "description": "Pila Alcalina AA LR6 Pack de 8 8 U",
    "category": "Electricidad, pilas y bombillas",
    "url": "https://tienda.consum.es/es/p/pila-alcalina-aa-lr6-pack-de-8/7257160",
    "price": 1.65,
    "reference_price": 0.21,
    "iva": 21,
    "reference_unit": "1 U",
    "date": "2023-01-17"
  },
  {
    "id": 8183,
    "name": "Pila Alcalina AAA LR03 Pack de 4 BAT",
    "description": "Pila Alcalina AAA LR03 Pack de 4 4 U",
    "category": "Electricidad, pilas y bombillas",
    "url": "https://tienda.consum.es/es/p/pila-alcalina-aaa-lr03-pack-de-4/7257165",
    "price": 0.99,
    "reference_price": 0.25,
    "iva": 21,
    "reference_unit": "1 U",
    "date": "2023-01-17"
  },
  {
    "id": 8189,
    "name": "Bebida Energética Light Absolutely Zero Lata MONSTER",
    "description": "Bebida Energética Light Absolutely Zero Lata 0,5 L",
    "category": "Energéticas",
    "url": "https://tienda.consum.es/es/p/bebida-energetica-light-absolutely-zero-lata/7257566",
    "price": 1.58,
    "reference_price": 3.16,
    "iva": 21,
    "reference_unit": "1 L",
    "date": "2023-01-17"
  },
  {
    "id": 8194,
    "name": "Pan Hogaza Masa Madre RUSTIK BAKER",
    "description": "Pan Hogaza Masa Madre 450 Gr",
    "category": "Panes especiales",
    "url": "https://tienda.consum.es/es/p/pan-hogaza-masa-madre/7257934",
    "price": 2.59,
    "reference_price": 5.76,
    "iva": 10,
    "reference_unit": "1 Kg",
    "date": "2023-01-17"
  },
  {
    "id": 8202,
    "name": "Champú Aceite Extraordinario ELVIVE",
    "description": "Champú Aceite Extraordinario 370 ml",
    "category": "Champú",
    "url": "https://tienda.consum.es/es/p/champu-aceite-extraordinario/7258189",
    "price": 3.89,
    "reference_price": 1.05,
    "iva": 21,
    "reference_unit": "100 ml",
    "date": "2023-01-17"
  },
  {
    "id": 8204,
    "name": "Champú Color Vive ELVIVE",
    "description": "Champú Color Vive 370 ml",
    "category": "Champú",
    "url": "https://tienda.consum.es/es/p/champu-color-vive/7258200",
    "price": 3.89,
    "reference_price": 1.05,
    "iva": 21,
    "reference_unit": "100 ml",
    "date": "2023-01-17"
  },
  {
    "id": 8207,
    "name": "Champú Total Repair ELVIVE",
    "description": "Champú Total Repair 370 ml",
    "category": "Champú",
    "url": "https://tienda.consum.es/es/p/champu-total-repair/7258254",
    "price": 3.89,
    "reference_price": 1.05,
    "iva": 21,
    "reference_unit": "100 ml",
    "date": "2023-01-17"
  },
  {
    "id": 8215,
    "name": "Dentífrico Max White Expert White COLGATE",
    "description": "Dentífrico Max White Expert White 75 ml",
    "category": "Dentífricos",
    "url": "https://tienda.consum.es/es/p/dentifrico-max-white-expert-white/7259377",
    "price": 4.59,
    "reference_price": 6.12,
    "iva": 21,
    "reference_unit": "100 ml",
    "date": "2023-01-17"
  },
  {
    "id": 8217,
    "name": "Aceite Facial Rosa Mosqueta NATURTIERRA",
    "description": "Aceite Facial Rosa Mosqueta 30 ml",
    "category": "Hidratación",
    "url": "https://tienda.consum.es/es/p/aceite-facial-rosa-mosqueta/7259393",
    "price": 6.29,
    "reference_price": 20.97,
    "iva": 21,
    "reference_unit": "100 ml",
    "date": "2023-01-17"
  },
  {
    "id": 8223,
    "name": "Botella Vacía Dosificador PONETTE",
    "description": "Botella Vacía Dosificador 1 U",
    "category": "Peines y accesorios",
    "url": "https://tienda.consum.es/es/p/botella-vacia-dosificador/7259604",
    "price": 0.99,
    "reference_price": 0.99,
    "iva": 21,
    "reference_unit": "1 U",
    "date": "2023-01-17"
  },
  {
    "id": 8225,
    "name": "Champú Cuidado Arcilla Extraordinaria ELVIVE",
    "description": "Champú Cuidado Arcilla Extraordinaria 370 ml",
    "category": "Champú",
    "url": "https://tienda.consum.es/es/p/champu-cuidado-arcilla-extraordinaria/7259625",
    "price": 3.89,
    "reference_price": 1.05,
    "iva": 21,
    "reference_unit": "100 ml",
    "date": "2023-01-17"
  },
  {
    "id": 8232,
    "name": "Fruta Leche Melón Sandía Zero Pack 6x200 DON SIMON",
    "description": "Fruta Leche Melón Sandía Zero Pack 6x200 6 x 200 ml",
    "category": "Zumos con leche",
    "url": "https://tienda.consum.es/es/p/fruta-leche-melon-sandia-zero-pack-6x200/7260347",
    "price": 1.5,
    "reference_price": 1.25,
    "iva": 21,
    "reference_unit": "1 L",
    "date": "2023-01-17"
  },
  {
    "id": 8234,
    "name": "Gel de Baño Creme Care NIVEA",
    "description": "Gel de Baño Creme Care 750 ml",
    "category": "Gel de baño",
    "url": "https://tienda.consum.es/es/p/gel-de-bano-creme-care/7260516",
    "price": 3.25,
    "reference_price": 0.43,
    "iva": 21,
    "reference_unit": "100 ml",
    "date": "2023-01-17"
  },
  {
    "id": 8239,
    "name": "Salchichas Wieners Bocadillo OSCAR MAYER",
    "description": "Salchichas Wieners Bocadillo 275 Gr",
    "category": "Salchichas",
    "url": "https://tienda.consum.es/es/p/salchichas-wieners-bocadillo/224303",
    "price": 1.75,
    "reference_price": 6.36,
    "iva": 10,
    "reference_unit": "1 Kg",
    "date": "2023-01-17"
  },
  {
    "id": 8241,
    "name": "Cereales Nesquik Chocolate NESTLE",
    "description": "Cereales Nesquik Chocolate 375 Gr",
    "category": "Cereales",
    "url": "https://tienda.consum.es/es/p/cereales-nesquik-chocolate/317545",
    "price": 2.99,
    "reference_price": 7.97,
    "iva": 10,
    "reference_unit": "1 Kg",
    "date": "2023-01-17"
  },
  {
    "id": 8244,
    "name": "Comida Seca Perros Bon Menú AFFINITY",
    "description": "Comida Seca Perros Bon Menú 4 Kg",
    "category": "Seco",
    "url": "https://tienda.consum.es/es/p/comida-seca-perros-bon-menu/338111",
    "price": 8.45,
    "reference_price": 2.11,
    "iva": 10,
    "reference_unit": "1 Kg",
    "date": "2023-01-17"
  },
  {
    "id": 8245,
    "name": "Sopa Deshidratada Maravilla Sobre G.BLANCA",
    "description": "Sopa Deshidratada Maravilla Sobre 85 Gr",
    "category": "Preparados en sobre",
    "url": "https://tienda.consum.es/es/p/sopa-deshidratada-maravilla-sobre/364422",
    "price": 0.69,
    "reference_price": 8.12,
    "iva": 10,
    "reference_unit": "1 Kg",
    "date": "2023-01-17"
  },
  {
    "id": 8246,
    "name": "Tallarines Parmesana Sobre G.BLANCA",
    "description": "Tallarines Parmesana Sobre 143 Gr",
    "category": "Preparados en sobre",
    "url": "https://tienda.consum.es/es/p/tallarines-parmesana-sobre/369074",
    "price": 1.99,
    "reference_price": 13.92,
    "iva": 10,
    "reference_unit": "1 Kg",
    "date": "2023-01-17"
  },
  {
    "id": 8250,
    "name": "Tarrito Fruta Variada Pack de 2 HERO",
    "description": "Tarrito Fruta Variada Pack de 2 2 x 120 Gr",
    "category": "Alimentación infantil",
    "url": "https://tienda.consum.es/es/p/tarrito-fruta-variada-pack-de-2/650416",
    "price": 1.65,
    "reference_price": 6.88,
    "iva": 10,
    "reference_unit": "1 Kg",
    "date": "2023-01-17"
  },
  {
    "id": 8251,
    "name": "Lentejas con Vegetales Bote MAMIA",
    "description": "Lentejas con Vegetales Bote 400 Gr",
    "category": "Conservas",
    "url": "https://tienda.consum.es/es/p/lentejas-con-vegetales-bote/681478",
    "price": 1.65,
    "reference_price": 4.13,
    "iva": 10,
    "reference_unit": "1 Kg",
    "date": "2023-01-17"
  },
  {
    "id": 8252,
    "name": "Palitos Pic y Croq 4 Paquetes VACA QUE RIE",
    "description": "Palitos Pic y Croq 4 Paquetes 140 Gr",
    "category": "Quesos Fundidos",
    "url": "https://tienda.consum.es/es/p/palitos-pic-y-croq-4-paquetes/684639",
    "price": 2.39,
    "reference_price": 17.07,
    "iva": 0,
    "reference_unit": "1 Kg",
    "date": "2023-01-17"
  },
  {
    "id": 8253,
    "name": "Chicles Menta Pack de 4 ORBIT",
    "description": "Chicles Menta Pack de 4 4 x 14 Gr",
    "category": "Chicles, caramelos y gominolas",
    "url": "https://tienda.consum.es/es/p/chicles-menta-pack-de-4/687806",
    "price": 2.39,
    "reference_price": 42.68,
    "iva": 10,
    "reference_unit": "1 Kg",
    "date": "2023-01-17"
  },
  {
    "id": 8254,
    "name": "Pastelitos de Chocolate Pack de 4 PHOSKITO",
    "description": "Pastelitos de Chocolate Pack de 4 4 x 40 Gr",
    "category": "Bollería industrial",
    "url": "https://tienda.consum.es/es/p/pastelitos-de-chocolate-pack-de-4/710293",
    "price": 3.79,
    "reference_price": 23.69,
    "iva": 10,
    "reference_unit": "1 Kg",
    "date": "2023-01-17"
  },
  {
    "id": 8255,
    "name": "Corazones de Merluza sin Piel congelados PESCANOVA",
    "description": "Corazones de Merluza sin Piel congelados 500 Gr",
    "category": "Pescados y mariscos",
    "url": "https://tienda.consum.es/es/p/corazones-de-merluza-sin-piel-congelados/746917",
    "price": 6.99,
    "reference_price": 13.98,
    "iva": 10,
    "reference_unit": "1 Kg",
    "date": "2023-01-17"
  },
  {
    "id": 8256,
    "name": "Tinte Nº10 Rubio Clarísimo EXCELLENCE",
    "description": "Tinte Nº10 Rubio Clarísimo 1 U",
    "category": "Coloración",
    "url": "https://tienda.consum.es/es/p/tinte-n10-rubio-clarisimo/753988",
    "price": 7.9,
    "reference_price": 7.9,
    "iva": 21,
    "reference_unit": "1 U",
    "date": "2023-01-17"
  },
  {
    "id": 8257,
    "name": "Patatas Prefritas Golden Long congeladas MC CAIN",
    "description": "Patatas Prefritas Golden Long congeladas 1 Kg",
    "category": "Patatas",
    "url": "https://tienda.consum.es/es/p/patatas-prefritas-golden-long-congeladas/844837",
    "price": 3.74,
    "reference_price": 3.74,
    "iva": 0,
    "reference_unit": "1 Kg",
    "date": "2023-01-17"
  },
  {
    "id": 8258,
    "name": "Aceite Oliva Virgen Extra Botella HOJIBLANCA",
    "description": "Aceite Oliva Virgen Extra Botella 1 L",
    "category": "Aceite de oliva virgen y virgen extra",
    "url": "https://tienda.consum.es/es/p/aceite-oliva-virgen-extra-botella/880799",
    "price": 7.59,
    "reference_price": 7.59,
    "iva": 5,
    "reference_unit": "1 L",
    "date": "2023-01-17"
  },
  {
    "id": 8259,
    "name": "Yogur Sabor Macedonia Pack de 4 Unidades DANONE",
    "description": "Yogur Sabor Macedonia Pack de 4 Unidades 4 x 120 Gr",
    "category": "Yogur sabores",
    "url": "https://tienda.consum.es/es/p/yogur-sabor-macedonia-pack-de-4-unidades/937151",
    "price": 1.39,
    "reference_price": 2.9,
    "iva": 10,
    "reference_unit": "1 Kg",
    "date": "2023-01-17"
  },
  {
    "id": 8260,
    "name": "Aceitunas Manzanilla con Hueso Bolsa JOLCA",
    "description": "Aceitunas Manzanilla con Hueso Bolsa 100 Gr",
    "category": "Aceitunas con hueso",
    "url": "https://tienda.consum.es/es/p/aceitunas-manzanilla-con-hueso-bolsa/1414820",
    "price": 0.75,
    "reference_price": 7.5,
    "iva": 10,
    "reference_unit": "1 Kg",
    "date": "2023-01-17"
  },
  {
    "id": 8263,
    "name": "Tarrito Queso y Fruta Pack de 2 HERO",
    "description": "Tarrito Queso y Fruta Pack de 2 2 x 80 Gr",
    "category": "Alimentación infantil",
    "url": "https://tienda.consum.es/es/p/tarrito-queso-y-fruta-pack-de-2/1772516",
    "price": 1.99,
    "reference_price": 12.44,
    "iva": 10,
    "reference_unit": "1 Kg",
    "date": "2023-01-17"
  },
  {
    "id": 8264,
    "name": "Manzana Granny Smith ",
    "description": "Manzana Granny Smith",
    "category": "Manzana, pera y plátano",
    "url": "https://tienda.consum.es/es/p/manzana-granny-smith/2600781",
    "price": 0.47,
    "reference_price": 1.91,
    "iva": 0,
    "reference_unit": "1 Kg",
    "date": "2023-01-17"
  },
  {
    "id": 8265,
    "name": "Cabeza Lomo de Cerdo CONSUM",
    "description": "Cabeza Lomo de Cerdo",
    "category": "Cerdo",
    "url": "https://tienda.consum.es/es/p/cabeza-lomo-de-cerdo/3347531",
    "price": 3.8,
    "reference_price": 6.3,
    "iva": 10,
    "reference_unit": "1 Kg",
    "date": "2023-01-17"
  },
  {
    "id": 8267,
    "name": "Refresco Naranja Bipack Indivisible FANTA",
    "description": "Refresco Naranja Bipack Indivisible 2 x 2 L",
    "category": "Naranja",
    "url": "https://tienda.consum.es/es/p/refresco-naranja-bipack-indivisible/3824505",
    "price": 2.44,
    "reference_price": 0.61,
    "iva": 21,
    "reference_unit": "1 L",
    "date": "2023-01-17"
  },
  {
    "id": 8268,
    "name": "Yogolino de Plátano Pack de 4 NESTLE",
    "description": "Yogolino de Plátano Pack de 4 4 x 100 Gr",
    "category": "Alimentación infantil",
    "url": "https://tienda.consum.es/es/p/yogolino-de-platano-pack-de-4/4507471",
    "price": 2.75,
    "reference_price": 6.88,
    "iva": 10,
    "reference_unit": "1 Kg",
    "date": "2023-01-17"
  },
  {
    "id": 8269,
    "name": "Chorizo y Salchichón Extra GOIKOA",
    "description": "Chorizo y Salchichón Extra 2 x 90 Gr",
    "category": "Curado",
    "url": "https://tienda.consum.es/es/p/chorizo-y-salchichon-extra/5026190",
    "price": 2.45,
    "reference_price": 13.61,
    "iva": 10,
    "reference_unit": "1 Kg",
    "date": "2023-01-17"
  },
  {
    "id": 8271,
    "name": "Medio Conejo Troceado CONSUM",
    "description": "Medio Conejo Troceado",
    "category": "Aves y conejo",
    "url": "https://tienda.consum.es/es/p/medio-conejo-troceado/5859210",
    "price": 5.85,
    "reference_price": 8.95,
    "iva": 10,
    "reference_unit": "1 Kg",
    "date": "2023-01-17"
  },
  {
    "id": 8272,
    "name": "Patatas Fritas Lisas Caseras Bolsa Papel VIDAL",
    "description": "Patatas Fritas Lisas Caseras Bolsa Papel 250 Gr",
    "category": "Patatas fritas",
    "url": "https://tienda.consum.es/es/p/patatas-fritas-lisas-caseras-bolsa-papel/7000052",
    "price": 2.59,
    "reference_price": 10.36,
    "iva": 10,
    "reference_unit": "1 Kg",
    "date": "2023-01-17"
  },
  {
    "id": 8274,
    "name": "Queso Mezcla Semi Lonchas G.BAQUERO",
    "description": "Queso Mezcla Semi Lonchas 200 Gr",
    "category": "Barra y otros nacionales",
    "url": "https://tienda.consum.es/es/p/queso-mezcla-semi-lonchas/7010473",
    "price": 3.41,
    "reference_price": 17.05,
    "iva": 0,
    "reference_unit": "1 Kg",
    "date": "2023-01-17"
  },
  {
    "id": 8278,
    "name": "Chicle Grageado Sabor Fresa TRIDENT",
    "description": "Chicle Grageado Sabor Fresa 14,5 Gr",
    "category": "Chicles, caramelos y gominolas",
    "url": "https://tienda.consum.es/es/p/chicle-grageado-sabor-fresa/7021269",
    "price": 0.95,
    "reference_price": 6.79,
    "iva": 10,
    "reference_unit": "100 Gr",
    "date": "2023-01-17"
  },
  {
    "id": 8280,
    "name": "Galleta Dorada al Horno sin Azúcares GULLON ZERO",
    "description": "Galleta Dorada al Horno sin Azúcares 330 Gr",
    "category": "Desayuno y maría",
    "url": "https://tienda.consum.es/es/p/galleta-dorada-al-horno-sin-azucares/7024839",
    "price": 3.25,
    "reference_price": 9.85,
    "iva": 10,
    "reference_unit": "1 Kg",
    "date": "2023-01-17"
  },
  {
    "id": 8281,
    "name": "Mini Sándwich Bombón Pack de 6 Unidades CONSUM",
    "description": "Mini Sándwich Bombón Pack de 6 Unidades 324 Gr",
    "category": "Sándwich",
    "url": "https://tienda.consum.es/es/p/mini-sandwich-bombon-pack-de-6-unidades/7025166",
    "price": 2.75,
    "reference_price": 8.49,
    "iva": 10,
    "reference_unit": "1 Kg",
    "date": "2023-01-17"
  },
  {
    "id": 8282,
    "name": "Sándwich de Nata Pack de 6 Unidades CONSUM",
    "description": "Sándwich de Nata Pack de 6 Unidades 318 Gr",
    "category": "Sándwich",
    "url": "https://tienda.consum.es/es/p/sandwich-de-nata-pack-de-6-unidades/7025174",
    "price": 1.99,
    "reference_price": 6.26,
    "iva": 10,
    "reference_unit": "1 Kg",
    "date": "2023-01-17"
  },
  {
    "id": 8283,
    "name": "Tarrina Leche Merengada 1 Litro CONSUM",
    "description": "Tarrina Leche Merengada 1 Litro 490 Gr",
    "category": "Tarrinas",
    "url": "https://tienda.consum.es/es/p/tarrina-leche-merengada-1-litro/7025190",
    "price": 2.89,
    "reference_price": 5.9,
    "iva": 10,
    "reference_unit": "1 Kg",
    "date": "2023-01-17"
  },
  {
    "id": 8284,
    "name": "Tarrina con Chocolate 1 Litro CONSUM",
    "description": "Tarrina con Chocolate 1 Litro 505 Gr",
    "category": "Tarrinas",
    "url": "https://tienda.consum.es/es/p/tarrina-con-chocolate-1-litro/7025195",
    "price": 3.19,
    "reference_price": 6.32,
    "iva": 10,
    "reference_unit": "1 Kg",
    "date": "2023-01-17"
  },
  {
    "id": 8286,
    "name": "Champiñones Enteros Lata CONSUM",
    "description": "Champiñones Enteros Lata 185 Gr",
    "category": "Setas y champiñones",
    "url": "https://tienda.consum.es/es/p/champinones-enteros-lata/7035579",
    "price": 1.15,
    "reference_price": 6.22,
    "iva": 10,
    "reference_unit": "1 Kg",
    "date": "2023-01-17"
  },
  {
    "id": 8287,
    "name": "Aceite de Semillas Botella LA PISTA",
    "description": "Aceite de Semillas Botella 1 L",
    "category": "Otros aceites",
    "url": "https://tienda.consum.es/es/p/aceite-de-semillas-botella/7036221",
    "price": 3.77,
    "reference_price": 3.77,
    "iva": 5,
    "reference_unit": "1 L",
    "date": "2023-01-17"
  },
  {
    "id": 8289,
    "name": "Yemas de Espárragos Extra Frasco CONSUM",
    "description": "Yemas de Espárragos Extra Frasco 110 Gr",
    "category": "Espárragos y palmitos",
    "url": "https://tienda.consum.es/es/p/yemas-de-esparragos-extra-frasco/7043057",
    "price": 1.69,
    "reference_price": 15.36,
    "iva": 10,
    "reference_unit": "1 Kg",
    "date": "2023-01-17"
  },
  {
    "id": 8290,
    "name": "Sardinilla en Tomate 6/8 Piezas Lata CONSUM",
    "description": "Sardinilla en Tomate 6/8 Piezas Lata 56 Gr",
    "category": "Sardinas",
    "url": "https://tienda.consum.es/es/p/sardinilla-en-tomate-6/8-piezas-lata/7043706",
    "price": 0.95,
    "reference_price": 16.96,
    "iva": 10,
    "reference_unit": "1 Kg",
    "date": "2023-01-17"
  },
  {
    "id": 8292,
    "name": "Acelgas Frasco CONSUM",
    "description": "Acelgas Frasco 425 Gr",
    "category": "Conservas, aceites y condimentos",
    "url": "https://tienda.consum.es/es/p/acelgas-frasco/7044068",
    "price": 1.25,
    "reference_price": 2.94,
    "iva": 10,
    "reference_unit": "1 Kg",
    "date": "2023-01-17"
  },
  {
    "id": 8294,
    "name": "Bloque Tres Sabores 1 Litro CONSUM",
    "description": "Bloque Tres Sabores 1 Litro 523 Gr",
    "category": "Bloques y Nata",
    "url": "https://tienda.consum.es/es/p/bloque-tres-sabores-1-litro/7046477",
    "price": 1.29,
    "reference_price": 2.47,
    "iva": 10,
    "reference_unit": "1 Kg",
    "date": "2023-01-17"
  },
  {
    "id": 8295,
    "name": "Aceitunas Manzanilla con Hueso en Frasco CONSUM",
    "description": "Aceitunas Manzanilla con Hueso en Frasco 500 Gr",
    "category": "Aceitunas con hueso",
    "url": "https://tienda.consum.es/es/p/aceitunas-manzanilla-con-hueso-en-frasco/7047470",
    "price": 1.8,
    "reference_price": 3.6,
    "iva": 10,
    "reference_unit": "1 Kg",
    "date": "2023-01-17"
  },
  {
    "id": 8297,
    "name": "Sangría Botella Pet DON SIMON",
    "description": "Sangría Botella Pet 1,5 L",
    "category": "Sangrías y combinados base vino",
    "url": "https://tienda.consum.es/es/p/sangria-botella-pet/7051928",
    "price": 1.95,
    "reference_price": 1.3,
    "iva": 21,
    "reference_unit": "1 L",
    "date": "2023-01-17"
  },
  {
    "id": 8298,
    "name": "Comida Seca Perros Tender Buey BREKKIES",
    "description": "Comida Seca Perros Tender Buey 3 Kg",
    "category": "Seco",
    "url": "https://tienda.consum.es/es/p/comida-seca-perros-tender-buey/7052991",
    "price": 8.95,
    "reference_price": 2.98,
    "iva": 10,
    "reference_unit": "1 Kg",
    "date": "2023-01-17"
  },
  {
    "id": 8300,
    "name": "Galletas Saladas Bacón Paquete LU",
    "description": "Galletas Saladas Bacón Paquete 100 Gr",
    "category": "Galletas saladas",
    "url": "https://tienda.consum.es/es/p/galletas-saladas-bacon-paquete/7064475",
    "price": 1.49,
    "reference_price": 14.9,
    "iva": 10,
    "reference_unit": "1 Kg",
    "date": "2023-01-17"
  },
  {
    "id": 8301,
    "name": "Rollitos de Primavera TA-TUNG",
    "description": "Rollitos de Primavera 280 Gr",
    "category": "Asiático",
    "url": "https://tienda.consum.es/es/p/rollitos-de-primavera/7064991",
    "price": 2.49,
    "reference_price": 8.89,
    "iva": 10,
    "reference_unit": "1 Kg",
    "date": "2023-01-17"
  },
  {
    "id": 8302,
    "name": "Refresco Agua Aromatiza Limón Botella S.BENEDETTO",
    "description": "Refresco Agua Aromatiza Limón Botella 1,5 L",
    "category": "Agua con sabores",
    "url": "https://tienda.consum.es/es/p/refresco-agua-aromatiza-limon-botella/7068906",
    "price": 1.15,
    "reference_price": 0.77,
    "iva": 21,
    "reference_unit": "1 L",
    "date": "2023-01-17"
  },
  {
    "id": 8304,
    "name": "Bloque de Turrón 1 Litro CONSUM",
    "description": "Bloque de Turrón 1 Litro 535 Gr",
    "category": "Bloques y Nata",
    "url": "https://tienda.consum.es/es/p/bloque-de-turron-1-litro/7069912",
    "price": 2.99,
    "reference_price": 5.59,
    "iva": 10,
    "reference_unit": "1 Kg",
    "date": "2023-01-17"
  },
  {
    "id": 8307,
    "name": "Bombón Almendrado 4 Unidades CONSUM",
    "description": "Bombón Almendrado 4 Unidades 324 Gr",
    "category": "Bombones",
    "url": "https://tienda.consum.es/es/p/bombon-almendrado-4-unidades/7079671",
    "price": 1.75,
    "reference_price": 5.4,
    "iva": 10,
    "reference_unit": "1 Kg",
    "date": "2023-01-17"
  },
  {
    "id": 8308,
    "name": "Rosquilletas Artesanas con Queso VELARTE",
    "description": "Rosquilletas Artesanas con Queso 80 Gr",
    "category": "Rosquilletas, picos y snacks",
    "url": "https://tienda.consum.es/es/p/rosquilletas-artesanas-con-queso/7081482",
    "price": 1.09,
    "reference_price": 13.63,
    "iva": 10,
    "reference_unit": "1 Kg",
    "date": "2023-01-17"
  },
  {
    "id": 8309,
    "name": "Esponja Limpia Calzado YAK",
    "description": "Esponja Limpia Calzado 1 U",
    "category": "Limpieza calzado y accesorios",
    "url": "https://tienda.consum.es/es/p/esponja-limpia-calzado/7082043",
    "price": 1.5,
    "reference_price": 1.5,
    "iva": 21,
    "reference_unit": "1 U",
    "date": "2023-01-17"
  },
  {
    "id": 8311,
    "name": "Zumo Piña y Uva Concentrado Brik DON SIMON",
    "description": "Zumo Piña y Uva Concentrado Brik 1 L",
    "category": "Zumos y néctares no refrigerados",
    "url": "https://tienda.consum.es/es/p/zumo-pina-y-uva-concentrado-brik/7082902",
    "price": 1.25,
    "reference_price": 1.25,
    "iva": 10,
    "reference_unit": "1 L",
    "date": "2023-01-17"
  },
  {
    "id": 8312,
    "name": "Zumo Naranja Concentrado Brik DON SIMON",
    "description": "Zumo Naranja Concentrado Brik 1 L",
    "category": "Zumos y néctares no refrigerados",
    "url": "https://tienda.consum.es/es/p/zumo-naranja-concentrado-brik/7082907",
    "price": 1.25,
    "reference_price": 1.25,
    "iva": 10,
    "reference_unit": "1 L",
    "date": "2023-01-17"
  },
  {
    "id": 8313,
    "name": "Pepinillos Agridulces Frasco CONSUM",
    "description": "Pepinillos Agridulces Frasco 230 Gr",
    "category": "Pepinillos",
    "url": "https://tienda.consum.es/es/p/pepinillos-agridulces-frasco/7083330",
    "price": 1.29,
    "reference_price": 5.61,
    "iva": 10,
    "reference_unit": "1 Kg",
    "date": "2023-01-17"
  },
  {
    "id": 8314,
    "name": "Guindillas en Vinagre Frasco CONSUM",
    "description": "Guindillas en Vinagre Frasco 160 Gr",
    "category": "Guindillas",
    "url": "https://tienda.consum.es/es/p/guindillas-en-vinagre-frasco/7083343",
    "price": 1.29,
    "reference_price": 8.06,
    "iva": 10,
    "reference_unit": "1 Kg",
    "date": "2023-01-17"
  },
  {
    "id": 8315,
    "name": "Kinder Bueno White KINDER",
    "description": "Kinder Bueno White 39 Gr",
    "category": "Chocolatinas y bombones",
    "url": "https://tienda.consum.es/es/p/kinder-bueno-white/7083889",
    "price": 1.15,
    "reference_price": 2.95,
    "iva": 10,
    "reference_unit": "100 Gr",
    "date": "2023-01-17"
  },
  {
    "id": 8319,
    "name": "Barritas de Muesli con Chocolate 6U CONSUM",
    "description": "Barritas de Muesli con Chocolate 6U 150 Gr",
    "category": "Barritas ",
    "url": "https://tienda.consum.es/es/p/barritas-de-muesli-con-chocolate-6u/7089183",
    "price": 1.25,
    "reference_price": 8.33,
    "iva": 10,
    "reference_unit": "1 Kg",
    "date": "2023-01-17"
  },
  {
    "id": 8321,
    "name": "Vela de Aniversario Número 2 ROURA",
    "description": "Vela de Aniversario Número 2 1 U",
    "category": "Repostería para preparar",
    "url": "https://tienda.consum.es/es/p/vela-de-aniversario-numero-2/7092018",
    "price": 0.75,
    "reference_price": 0.75,
    "iva": 21,
    "reference_unit": "1 U",
    "date": "2023-01-17"
  },
  {
    "id": 8322,
    "name": "Vela en Vaso Vainilla ROURA",
    "description": "Vela en Vaso Vainilla 1 U",
    "category": "Velas",
    "url": "https://tienda.consum.es/es/p/vela-en-vaso-vainilla/7092257",
    "price": 1.95,
    "reference_price": 1.95,
    "iva": 21,
    "reference_unit": "1 U",
    "date": "2023-01-17"
  },
  {
    "id": 8324,
    "name": "Toallitas Limpiagafas CONSUM",
    "description": "Toallitas Limpiagafas 30 U",
    "category": "Accesorios y utensilios limpieza",
    "url": "https://tienda.consum.es/es/p/toallitas-limpiagafas/7097041",
    "price": 1.49,
    "reference_price": 0.05,
    "iva": 21,
    "reference_unit": "1 U",
    "date": "2023-01-17"
  },
  {
    "id": 8326,
    "name": "Salchichón a la Pimienta Finas Lonchas SOLÀ",
    "description": "Salchichón a la Pimienta Finas Lonchas 150 Gr",
    "category": "Salchichón y salami",
    "url": "https://tienda.consum.es/es/p/salchichon-a-la-pimienta-finas-lonchas/7097454",
    "price": 2.09,
    "reference_price": 13.93,
    "iva": 10,
    "reference_unit": "1 Kg",
    "date": "2023-01-17"
  },
  {
    "id": 8328,
    "name": "Salchichón de Pavo 2 Unidades GOIKOA",
    "description": "Salchichón de Pavo 2 Unidades 2 x 75 Gr",
    "category": "Fiambres ave",
    "url": "https://tienda.consum.es/es/p/salchichon-de-pavo-2-unidades/7098114",
    "price": 2.89,
    "reference_price": 19.27,
    "iva": 10,
    "reference_unit": "1 Kg",
    "date": "2023-01-17"
  },
  {
    "id": 8329,
    "name": "Escalopín Lomo Familiar CONSUM",
    "description": "Escalopín Lomo Familiar",
    "category": "Cerdo",
    "url": "https://tienda.consum.es/es/p/escalopin-lomo-familiar/7099849",
    "price": 6.81,
    "reference_price": 6.2,
    "iva": 10,
    "reference_unit": "1 Kg",
    "date": "2023-01-17"
  },
  {
    "id": 8331,
    "name": "Antipolillas colgador Lavanda Duplo POLIL",
    "description": "Antipolillas colgador Lavanda Duplo 2 U",
    "category": "Antipolillas y carcoma",
    "url": "https://tienda.consum.es/es/p/antipolillas-colgador-lavanda-duplo/7102213",
    "price": 3.73,
    "reference_price": 1.87,
    "iva": 21,
    "reference_unit": "1 U",
    "date": "2023-01-17"
  },
  {
    "id": 8334,
    "name": "Chocolate Crujiente CONSUM",
    "description": "Chocolate Crujiente 100 Gr",
    "category": "Tabletas",
    "url": "https://tienda.consum.es/es/p/chocolate-crujiente/7108509",
    "price": 0.79,
    "reference_price": 7.9,
    "iva": 10,
    "reference_unit": "1 Kg",
    "date": "2023-01-17"
  },
  {
    "id": 8336,
    "name": "Queso Mezcla Curado Lonchas GRAN CAPITAN",
    "description": "Queso Mezcla Curado Lonchas 140 Gr",
    "category": "Barra y otros nacionales",
    "url": "https://tienda.consum.es/es/p/queso-mezcla-curado-lonchas/7109932",
    "price": 3.22,
    "reference_price": 23,
    "iva": 0,
    "reference_unit": "1 Kg",
    "date": "2023-01-17"
  },
  {
    "id": 8337,
    "name": "Mortadela Clásica CAMPOFRÍO",
    "description": "Mortadela Clásica 105 Gr",
    "category": "Mortadela y chopped",
    "url": "https://tienda.consum.es/es/p/mortadela-clasica/7113520",
    "price": 1,
    "reference_price": 9.52,
    "iva": 10,
    "reference_unit": "1 Kg",
    "date": "2023-01-17"
  },
  {
    "id": 8338,
    "name": "Lacón en Tapas MRM",
    "description": "Lacón en Tapas 200 Gr",
    "category": "Jamón cocido - york",
    "url": "https://tienda.consum.es/es/p/lacon-en-tapas/7117013",
    "price": 3.99,
    "reference_price": 19.95,
    "iva": 10,
    "reference_unit": "1 Kg",
    "date": "2023-01-17"
  },
  {
    "id": 8345,
    "name": "Pavo Relleno con Pistachos GEMI",
    "description": "Pavo Relleno con Pistachos 100 Gr",
    "category": "Otros cocidos",
    "url": "https://tienda.consum.es/es/p/pavo-relleno-con-pistachos/7120087",
    "price": 1.65,
    "reference_price": 16.5,
    "iva": 10,
    "reference_unit": "1 Kg",
    "date": "2023-01-17"
  },
  {
    "id": 8347,
    "name": "Zumo Manzana Concentrado Pack de 6 CONSUM",
    "description": "Zumo Manzana Concentrado Pack de 6 6 x 200 ml",
    "category": "Zumos y néctares no refrigerados",
    "url": "https://tienda.consum.es/es/p/zumo-manzana-concentrado-pack-de-6/7120236",
    "price": 1.12,
    "reference_price": 0.93,
    "iva": 10,
    "reference_unit": "1 L",
    "date": "2023-01-17"
  },
  {
    "id": 8348,
    "name": "Tinto Verano Clásico Botella Pet DON SIMON",
    "description": "Tinto Verano Clásico Botella Pet 1,5 L",
    "category": "Sangrías y combinados base vino",
    "url": "https://tienda.consum.es/es/p/tinto-verano-clasico-botella-pet/7133796",
    "price": 1.7,
    "reference_price": 1.13,
    "iva": 21,
    "reference_unit": "1 L",
    "date": "2023-01-17"
  },
  {
    "id": 8352,
    "name": "Pan Molde 100 %Integral sin Corteza CONSUM",
    "description": "Pan Molde 100 %Integral sin Corteza 450 Gr",
    "category": "Pan de molde integral y cereales",
    "url": "https://tienda.consum.es/es/p/pan-molde-100-integral-sin-corteza/7149086",
    "price": 1.4,
    "reference_price": 3.11,
    "iva": 10,
    "reference_unit": "1 Kg",
    "date": "2023-01-17"
  },
  {
    "id": 8353,
    "name": "Gazpacho Tradicional CONSUM",
    "description": "Gazpacho Tradicional 1 L",
    "category": "Gazpacho",
    "url": "https://tienda.consum.es/es/p/gazpacho-tradicional/7150308",
    "price": 1.7,
    "reference_price": 1.7,
    "iva": 10,
    "reference_unit": "1 L",
    "date": "2023-01-17"
  },
  {
    "id": 8354,
    "name": "Pan Tostado Sabor Tomate y Orégano CONSUM",
    "description": "Pan Tostado Sabor Tomate y Orégano 160 Gr",
    "category": "Tostadas y minibiscotes",
    "url": "https://tienda.consum.es/es/p/pan-tostado-sabor-tomate-y-oregano/7153786",
    "price": 1.09,
    "reference_price": 6.81,
    "iva": 10,
    "reference_unit": "1 Kg",
    "date": "2023-01-17"
  },
  {
    "id": 8356,
    "name": "Crema Autobrillante Negro BUFALO",
    "description": "Crema Autobrillante Negro 50 ml",
    "category": "Limpieza calzado y accesorios",
    "url": "https://tienda.consum.es/es/p/crema-autobrillante-negro/7153984",
    "price": 2.19,
    "reference_price": 4.38,
    "iva": 21,
    "reference_unit": "100 ml",
    "date": "2023-01-17"
  },
  {
    "id": 8359,
    "name": "Rosca Rústica de Jamón Bacón y Queso DE ORO",
    "description": "Rosca Rústica de Jamón Bacón y Queso 480 Gr",
    "category": "Bocadillos y sándwich listos",
    "url": "https://tienda.consum.es/es/p/rosca-rustica-de-jamon-bacon-y-queso/7154156",
    "price": 3.19,
    "reference_price": 6.65,
    "iva": 10,
    "reference_unit": "1 Kg",
    "date": "2023-01-17"
  },
  {
    "id": 8364,
    "name": "Melón Piel de Sapo Media Pieza ",
    "description": "Melón Piel de Sapo Media Pieza",
    "category": "Fruta de temporada",
    "url": "https://tienda.consum.es/es/p/melon-piel-de-sapo-media-pieza/7156276",
    "price": 3.62,
    "reference_price": 1.99,
    "iva": 0,
    "reference_unit": "1 Kg",
    "date": "2023-01-17"
  },
  {
    "id": 8366,
    "name": "Taco Barra Regaliz KING REGAL",
    "description": "Taco Barra Regaliz 200 Gr",
    "category": "Chicles, caramelos y gominolas",
    "url": "https://tienda.consum.es/es/p/taco-barra-regaliz/7157662",
    "price": 0.92,
    "reference_price": 4.6,
    "iva": 10,
    "reference_unit": "1 Kg",
    "date": "2023-01-17"
  },
  {
    "id": 8368,
    "name": "Cóctel Frutos Secos Clásico Bolsa CONSUM",
    "description": "Cóctel Frutos Secos Clásico Bolsa 175 Gr",
    "category": "Maíz tostado y cocktail",
    "url": "https://tienda.consum.es/es/p/coctel-frutos-secos-clasico-bolsa/7157910",
    "price": 1.89,
    "reference_price": 10.8,
    "iva": 10,
    "reference_unit": "1 Kg",
    "date": "2023-01-17"
  },
  {
    "id": 8369,
    "name": "Cebolla Frita Pack de 2 latas HIDA",
    "description": "Cebolla Frita Pack de 2 latas 2 x 155 Gr",
    "category": "Otros vegetales",
    "url": "https://tienda.consum.es/es/p/cebolla-frita-pack-de-2-latas/7159197",
    "price": 2.05,
    "reference_price": 6.61,
    "iva": 10,
    "reference_unit": "1 Kg",
    "date": "2023-01-17"
  },
  {
    "id": 8370,
    "name": "Yogur Fresa Macedonia Plátano y Tarta de Queso DANONE",
    "description": "Yogur Fresa Macedonia Plátano y Tarta de Queso 8 x 120 Gr",
    "category": "Yogur sabores",
    "url": "https://tienda.consum.es/es/p/yogur-fresa-macedonia-platano-y-tarta-de-queso/7159705",
    "price": 2.39,
    "reference_price": 2.49,
    "iva": 10,
    "reference_unit": "1 Kg",
    "date": "2023-01-17"
  },
  {
    "id": 8371,
    "name": "Recipiente para Tinte PONETTE",
    "description": "Recipiente para Tinte 1 U",
    "category": "Coloración",
    "url": "https://tienda.consum.es/es/p/recipiente-para-tinte/7164127",
    "price": 1,
    "reference_price": 1,
    "iva": 21,
    "reference_unit": "1 U",
    "date": "2023-01-17"
  },
  {
    "id": 8372,
    "name": "Bolsa Basura Autocierre Jardin Verde 100L CONSUM",
    "description": "Bolsa Basura Autocierre Jardin Verde 100L 10 U",
    "category": "Bolsas y sacos de basura",
    "url": "https://tienda.consum.es/es/p/bolsa-basura-autocierre-jardin-verde-100l/7164788",
    "price": 2.7,
    "reference_price": 0.27,
    "iva": 21,
    "reference_unit": "1 U",
    "date": "2023-01-17"
  },
  {
    "id": 8373,
    "name": "Bolsa Basura Comunidad Negra de 100 Litros CONSUM",
    "description": "Bolsa Basura Comunidad Negra de 100 Litros 10 U",
    "category": "Bolsas y sacos de basura",
    "url": "https://tienda.consum.es/es/p/bolsa-basura-comunidad-negra-de-100-litros/7164796",
    "price": 1.25,
    "reference_price": 0.13,
    "iva": 21,
    "reference_unit": "1 U",
    "date": "2023-01-17"
  },
  {
    "id": 8374,
    "name": "Calabaza para Asar entera ",
    "description": "Calabaza para Asar entera",
    "category": "Calabaza y calabacín",
    "url": "https://tienda.consum.es/es/p/calabaza-para-asar-entera/7169329",
    "price": 3.82,
    "reference_price": 1.91,
    "iva": 0,
    "reference_unit": "1 Kg",
    "date": "2023-01-17"
  },
  {
    "id": 8376,
    "name": "Café Soluble 3 en 1 10 sobres NESCAFE",
    "description": "Café Soluble 3 en 1 10 sobres 170 Gr",
    "category": "Café Soluble ",
    "url": "https://tienda.consum.es/es/p/cafe-soluble-3-en-1-10-sobres/7169712",
    "price": 2.35,
    "reference_price": 13.82,
    "iva": 10,
    "reference_unit": "1 Kg",
    "date": "2023-01-17"
  },
  {
    "id": 8380,
    "name": "Queso Mezcla Curado Precortado L.Pasteurizad CONSUM",
    "description": "Queso Mezcla Curado Precortado L.Pasteurizad 250 Gr",
    "category": "Quesos Curados",
    "url": "https://tienda.consum.es/es/p/queso-mezcla-curado-precortado-lpasteurizad/7173842",
    "price": 3.21,
    "reference_price": 12.84,
    "iva": 0,
    "reference_unit": "1 Kg",
    "date": "2023-01-17"
  },
  {
    "id": 8385,
    "name": "Yogolino Mini Pera Pack de 6 NESTLE",
    "description": "Yogolino Mini Pera Pack de 6 6 x 60 Gr",
    "category": "Alimentación infantil",
    "url": "https://tienda.consum.es/es/p/yogolino-mini-pera-pack-de-6/7176238",
    "price": 2.9,
    "reference_price": 8.06,
    "iva": 10,
    "reference_unit": "1 Kg",
    "date": "2023-01-17"
  },
  {
    "id": 8387,
    "name": "Boquerones en Aceite de Oliva con Ajo y Perejil BRUIMAR",
    "description": "Boquerones en Aceite de Oliva con Ajo y Perejil 50 Gr",
    "category": "Surimis y salazones",
    "url": "https://tienda.consum.es/es/p/boquerones-en-aceite-de-oliva-con-ajo-y-perejil/7180490",
    "price": 1.79,
    "reference_price": 35.8,
    "iva": 10,
    "reference_unit": "1 Kg",
    "date": "2023-01-17"
  },
  {
    "id": 8390,
    "name": "Chicles 60 Minutes Fresh Hierbabuena, Pack 3 TRIDENT",
    "description": "Chicles 60 Minutes Fresh Hierbabuena, Pack 3 3 x 20 Gr",
    "category": "Chicles, caramelos y gominolas",
    "url": "https://tienda.consum.es/es/p/chicles-60-minutes-fresh-hierbabuena-pack-3/7182975",
    "price": 2.45,
    "reference_price": 40.83,
    "iva": 10,
    "reference_unit": "1 Kg",
    "date": "2023-01-17"
  },
  {
    "id": 8393,
    "name": "Tarrito Merienda Galleta Fruta Variada Pack 2 HERO",
    "description": "Tarrito Merienda Galleta Fruta Variada Pack 2 2 x 190 Gr",
    "category": "Alimentación infantil",
    "url": "https://tienda.consum.es/es/p/tarrito-merienda-galleta-fruta-variada-pack-2/7185569",
    "price": 2.45,
    "reference_price": 6.45,
    "iva": 10,
    "reference_unit": "1 Kg",
    "date": "2023-01-17"
  },
  {
    "id": 8395,
    "name": "Caldo Casero Pollo Bajo en Sal Brik G.BLANCA",
    "description": "Caldo Casero Pollo Bajo en Sal Brik 1 L",
    "category": "Caldos y sopas",
    "url": "https://tienda.consum.es/es/p/caldo-casero-pollo-bajo-en-sal-brik/7187813",
    "price": 1.99,
    "reference_price": 1.99,
    "iva": 10,
    "reference_unit": "1 L",
    "date": "2023-01-17"
  },
  {
    "id": 8396,
    "name": "Yogolino Natural Pack de 4 NESTLE",
    "description": "Yogolino Natural Pack de 4 4 x 100 Gr",
    "category": "Alimentación infantil",
    "url": "https://tienda.consum.es/es/p/yogolino-natural-pack-de-4/7188241",
    "price": 2.75,
    "reference_price": 6.88,
    "iva": 10,
    "reference_unit": "1 Kg",
    "date": "2023-01-17"
  },
  {
    "id": 8398,
    "name": "Churros Lazo Artesanos MAHESO",
    "description": "Churros Lazo Artesanos 500 Gr",
    "category": "Pan, churros y porras",
    "url": "https://tienda.consum.es/es/p/churros-lazo-artesanos/7189277",
    "price": 2.29,
    "reference_price": 4.58,
    "iva": 10,
    "reference_unit": "1 Kg",
    "date": "2023-01-17"
  },
  {
    "id": 8405,
    "name": "Galleta Oreo Chocolate LU",
    "description": "Galleta Oreo Chocolate 220 Gr",
    "category": "Galletas de chocolate",
    "url": "https://tienda.consum.es/es/p/galleta-oreo-chocolate/7194517",
    "price": 2.25,
    "reference_price": 10.23,
    "iva": 10,
    "reference_unit": "1 Kg",
    "date": "2023-01-17"
  },
  {
    "id": 8408,
    "name": "Ensalada César FLORETTE",
    "description": "Ensalada César 205 Gr",
    "category": "Ensaladas preparadas y guacamole",
    "url": "https://tienda.consum.es/es/p/ensalada-cesar/7197069",
    "price": 3.15,
    "reference_price": 15.37,
    "iva": 10,
    "reference_unit": "1 Kg",
    "date": "2023-01-17"
  },
  {
    "id": 8417,
    "name": "Pavo con Verduras congelado FRIPOZO",
    "description": "Pavo con Verduras congelado 400 Gr",
    "category": "Carne, verduras y otros",
    "url": "https://tienda.consum.es/es/p/pavo-con-verduras-congelado/7205300",
    "price": 2.19,
    "reference_price": 5.48,
    "iva": 10,
    "reference_unit": "1 Kg",
    "date": "2023-01-17"
  },
  {
    "id": 8418,
    "name": "Galletas Artesanas con Cañamon BONDIA",
    "description": "Galletas Artesanas con Cañamon 125 Gr",
    "category": "Rosquilletas, picos y snacks",
    "url": "https://tienda.consum.es/es/p/galletas-artesanas-con-canamon/7205367",
    "price": 1.15,
    "reference_price": 9.2,
    "iva": 10,
    "reference_unit": "1 Kg",
    "date": "2023-01-17"
  },
  {
    "id": 8421,
    "name": "Porras Prefritas congeladas MAHESO",
    "description": "Porras Prefritas congeladas 320 Gr",
    "category": "Pan, churros y porras",
    "url": "https://tienda.consum.es/es/p/porras-prefritas-congeladas/7210896",
    "price": 3.25,
    "reference_price": 10.16,
    "iva": 10,
    "reference_unit": "1 Kg",
    "date": "2023-01-17"
  },
  {
    "id": 8426,
    "name": "Queso Tierno Lonchas EL VENTERO",
    "description": "Queso Tierno Lonchas 160 Gr",
    "category": "Barra y otros nacionales",
    "url": "https://tienda.consum.es/es/p/queso-tierno-lonchas/7213874",
    "price": 3.03,
    "reference_price": 18.94,
    "iva": 0,
    "reference_unit": "1 Kg",
    "date": "2023-01-17"
  },
  {
    "id": 8427,
    "name": "Queso Light Lonchas EL VENTERO",
    "description": "Queso Light Lonchas 160 Gr",
    "category": "Barra y otros nacionales",
    "url": "https://tienda.consum.es/es/p/queso-light-lonchas/7213882",
    "price": 3.03,
    "reference_price": 18.94,
    "iva": 0,
    "reference_unit": "1 Kg",
    "date": "2023-01-17"
  },
  {
    "id": 8429,
    "name": "Pastelito Tigretón Pack de 3 TIGRETON",
    "description": "Pastelito Tigretón Pack de 3 3 x 50 Gr",
    "category": "Desayuno, dulces y café",
    "url": "https://tienda.consum.es/es/p/pastelito-tigreton-pack-de-3/7214521",
    "price": 1.99,
    "reference_price": 13.27,
    "iva": 10,
    "reference_unit": "1 Kg",
    "date": "2023-01-17"
  },
  {
    "id": 8431,
    "name": "Fideos Orientales Curry Yatekomo G.BLANCA",
    "description": "Fideos Orientales Curry Yatekomo 61 Gr",
    "category": "Asiático",
    "url": "https://tienda.consum.es/es/p/fideos-orientales-curry-yatekomo/7216679",
    "price": 1.39,
    "reference_price": 22.79,
    "iva": 10,
    "reference_unit": "1 Kg",
    "date": "2023-01-17"
  },
  {
    "id": 8435,
    "name": "Aritos de Maíz Triskys Paquete RISI",
    "description": "Aritos de Maíz Triskys Paquete 115 Gr",
    "category": "Snacks y otros aperitivos",
    "url": "https://tienda.consum.es/es/p/aritos-de-maiz-triskys-paquete/7218436",
    "price": 1.16,
    "reference_price": 10.09,
    "iva": 10,
    "reference_unit": "1 Kg",
    "date": "2023-01-17"
  },
  {
    "id": 8440,
    "name": "Colas de Rape congeladas EXKIMO",
    "description": "Colas de Rape congeladas 400 Gr",
    "category": "Pescados y mariscos",
    "url": "https://tienda.consum.es/es/p/colas-de-rape-congeladas/7220002",
    "price": 4.49,
    "reference_price": 11.23,
    "iva": 10,
    "reference_unit": "1 Kg",
    "date": "2023-01-17"
  },
  {
    "id": 8441,
    "name": "Empanadillas de Atún congeladas CONSUM",
    "description": "Empanadillas de Atún congeladas 500 Gr",
    "category": "Croquetas y empanadillas",
    "url": "https://tienda.consum.es/es/p/empanadillas-de-atun-congeladas/7220114",
    "price": 1.8,
    "reference_price": 3.6,
    "iva": 10,
    "reference_unit": "1 Kg",
    "date": "2023-01-17"
  },
  {
    "id": 8442,
    "name": "Pan de Molde Integral ",
    "description": "Pan de Molde Integral 400 Gr",
    "category": "Pan de molde y rebanado",
    "url": "https://tienda.consum.es/es/p/pan-de-molde-integral/7220861",
    "price": 1.59,
    "reference_price": 3.98,
    "iva": 10,
    "reference_unit": "1 Kg",
    "date": "2023-01-17"
  },
  {
    "id": 8443,
    "name": "Arroz Negro congelado CONSUM",
    "description": "Arroz Negro congelado 600 Gr",
    "category": "Carne, verduras y otros",
    "url": "https://tienda.consum.es/es/p/arroz-negro-congelado/7221567",
    "price": 2.5,
    "reference_price": 4.17,
    "iva": 10,
    "reference_unit": "1 Kg",
    "date": "2023-01-17"
  },
  {
    "id": 8445,
    "name": "Salsa Cheedar Cheese Tarro ZANUY",
    "description": "Salsa Cheedar Cheese Tarro 200 Gr",
    "category": "Otras salsas",
    "url": "https://tienda.consum.es/es/p/salsa-cheedar-cheese-tarro/7222289",
    "price": 1.89,
    "reference_price": 9.45,
    "iva": 10,
    "reference_unit": "1 Kg",
    "date": "2023-01-17"
  },
  {
    "id": 8446,
    "name": "Limpiador Suelos y Superficies SANYTOL",
    "description": "Limpiador Suelos y Superficies 1,2 L",
    "category": "Limpieza hogar",
    "url": "https://tienda.consum.es/es/p/limpiador-suelos-y-superficies/7222586",
    "price": 3.19,
    "reference_price": 2.66,
    "iva": 21,
    "reference_unit": "1 L",
    "date": "2023-01-17"
  },
  {
    "id": 8449,
    "name": "Nescafé Latte Capuccino NESCAFE",
    "description": "Nescafé Latte Capuccino 190 ml",
    "category": "Batidos y cafés",
    "url": "https://tienda.consum.es/es/p/nescafe-latte-capuccino/7225139",
    "price": 1.59,
    "reference_price": 8.37,
    "iva": 10,
    "reference_unit": "1 L",
    "date": "2023-01-17"
  },
  {
    "id": 8452,
    "name": "Barrita Muesli con Arándanos 6U CONSUM",
    "description": "Barrita Muesli con Arándanos 6U 150 Gr",
    "category": "Barritas ",
    "url": "https://tienda.consum.es/es/p/barrita-muesli-con-arandanos-6u/7228380",
    "price": 1.49,
    "reference_price": 9.93,
    "iva": 10,
    "reference_unit": "1 Kg",
    "date": "2023-01-17"
  },
  {
    "id": 8459,
    "name": "Vino Blanco Joven Botella PLUVIUM",
    "description": "Vino Blanco Joven Botella 0,75 L",
    "category": "Mesa",
    "url": "https://tienda.consum.es/es/p/vino-blanco-joven-botella/7233661",
    "price": 1.99,
    "reference_price": 2.65,
    "iva": 21,
    "reference_unit": "1 L",
    "date": "2023-01-17"
  },
  {
    "id": 8461,
    "name": "Esponja Baño Familiar KYREY",
    "description": "Esponja Baño Familiar 3 U",
    "category": "Esponjas",
    "url": "https://tienda.consum.es/es/p/esponja-bano-familiar/7235070",
    "price": 1.4,
    "reference_price": 0.47,
    "iva": 21,
    "reference_unit": "1 U",
    "date": "2023-01-17"
  },
  {
    "id": 8463,
    "name": "Esponja Vegetal Masaje KYREY",
    "description": "Esponja Vegetal Masaje 1 U",
    "category": "Esponjas",
    "url": "https://tienda.consum.es/es/p/esponja-vegetal-masaje/7235083",
    "price": 2.2,
    "reference_price": 2.2,
    "iva": 21,
    "reference_unit": "1 U",
    "date": "2023-01-17"
  },
  {
    "id": 8464,
    "name": "Esponja Vegetal con Forma KYREY",
    "description": "Esponja Vegetal con Forma 1 U",
    "category": "Esponjas",
    "url": "https://tienda.consum.es/es/p/esponja-vegetal-con-forma/7235088",
    "price": 1.4,
    "reference_price": 1.4,
    "iva": 21,
    "reference_unit": "1 U",
    "date": "2023-01-17"
  },
  {
    "id": 8466,
    "name": "Galleta Tostarica Fibra Caja CUETARA",
    "description": "Galleta Tostarica Fibra Caja 860 Gr",
    "category": "Galletas saludables",
    "url": "https://tienda.consum.es/es/p/galleta-tostarica-fibra-caja/7237691",
    "price": 5.29,
    "reference_price": 6.15,
    "iva": 10,
    "reference_unit": "1 Kg",
    "date": "2023-01-17"
  },
  {
    "id": 8475,
    "name": "Caramelo Toffe sin Azúcar WERTHERS",
    "description": "Caramelo Toffe sin Azúcar 90 Gr",
    "category": "Chicles, caramelos y gominolas",
    "url": "https://tienda.consum.es/es/p/caramelo-toffe-sin-azucar/7241623",
    "price": 1.95,
    "reference_price": 21.67,
    "iva": 10,
    "reference_unit": "1 Kg",
    "date": "2023-01-17"
  },
  {
    "id": 8480,
    "name": "Pan de Pita Pack de 6 Unidades STAR",
    "description": "Pan de Pita Pack de 6 Unidades 400 Gr",
    "category": "Panes especiales",
    "url": "https://tienda.consum.es/es/p/pan-de-pita-pack-de-6-unidades/7247294",
    "price": 1.59,
    "reference_price": 3.98,
    "iva": 10,
    "reference_unit": "1 Kg",
    "date": "2023-01-17"
  },
  {
    "id": 8484,
    "name": "Yuquitas Bolsa SOLDANZA",
    "description": "Yuquitas Bolsa 45 Gr",
    "category": "Cocina internacional",
    "url": "https://tienda.consum.es/es/p/yuquitas-bolsa/7250496",
    "price": 1.15,
    "reference_price": 2.56,
    "iva": 10,
    "reference_unit": "100 Gr",
    "date": "2023-01-17"
  },
  {
    "id": 8485,
    "name": "Stevia Edulcorante CONSUM",
    "description": "Stevia Edulcorante 50 U",
    "category": "Edulcorantes",
    "url": "https://tienda.consum.es/es/p/stevia-edulcorante/7251767",
    "price": 1.85,
    "reference_price": 0.04,
    "iva": 10,
    "reference_unit": "1 U",
    "date": "2023-01-17"
  },
  {
    "id": 8486,
    "name": "Mini Empanadilla Selecta Espinacas Queso 5 Und. ",
    "description": "Mini Empanadilla Selecta Espinacas Queso 5 Und. 210 Gr",
    "category": "Empanadillas",
    "url": "https://tienda.consum.es/es/p/mini-empanadilla-selecta-espinacas-queso-5-und/7253839",
    "price": 2.65,
    "reference_price": 12.62,
    "iva": 10,
    "reference_unit": "1 Kg",
    "date": "2023-01-17"
  },
  {
    "id": 8489,
    "name": "Patatas Prefritas Corte Casero congeladas CONSUM",
    "description": "Patatas Prefritas Corte Casero congeladas 1 Kg",
    "category": "Patatas",
    "url": "https://tienda.consum.es/es/p/patatas-prefritas-corte-casero-congeladas/7255425",
    "price": 1.91,
    "reference_price": 1.91,
    "iva": 0,
    "reference_unit": "1 Kg",
    "date": "2023-01-17"
  },
  {
    "id": 8490,
    "name": "Champú Reflejos Dorados TIMOTEI",
    "description": "Champú Reflejos Dorados 400 ml",
    "category": "Champú",
    "url": "https://tienda.consum.es/es/p/champu-reflejos-dorados/7255719",
    "price": 3.15,
    "reference_price": 0.79,
    "iva": 21,
    "reference_unit": "100 ml",
    "date": "2023-01-17"
  },
  {
    "id": 8495,
    "name": "Pila Alcalina AA LR6 Pack de 4 BAT",
    "description": "Pila Alcalina AA LR6 Pack de 4 4 U",
    "category": "Electricidad, pilas y bombillas",
    "url": "https://tienda.consum.es/es/p/pila-alcalina-aa-lr6-pack-de-4/7257152",
    "price": 0.99,
    "reference_price": 0.25,
    "iva": 21,
    "reference_unit": "1 U",
    "date": "2023-01-17"
  },
  {
    "id": 8496,
    "name": "Cerveza Especial Lata CRUZCAMPO",
    "description": "Cerveza Especial Lata 0,33 L",
    "category": "Nacional lata",
    "url": "https://tienda.consum.es/es/p/cerveza-especial-lata/7257587",
    "price": 0.85,
    "reference_price": 2.58,
    "iva": 21,
    "reference_unit": "1 L",
    "date": "2023-01-17"
  },
  {
    "id": 8497,
    "name": "Vino Tinto de Mesa Brik PEÑASOL",
    "description": "Vino Tinto de Mesa Brik 1 L",
    "category": "Mesa",
    "url": "https://tienda.consum.es/es/p/vino-tinto-de-mesa-brik/7257827",
    "price": 1.39,
    "reference_price": 1.39,
    "iva": 21,
    "reference_unit": "1 L",
    "date": "2023-01-17"
  },
  {
    "id": 8500,
    "name": "Champú Fibralogy ELVIVE",
    "description": "Champú Fibralogy 370 ml",
    "category": "Champú",
    "url": "https://tienda.consum.es/es/p/champu-fibralogy/7258192",
    "price": 3.89,
    "reference_price": 1.05,
    "iva": 21,
    "reference_unit": "100 ml",
    "date": "2023-01-17"
  },
  {
    "id": 8504,
    "name": "Macarrones Paquete CONSUM",
    "description": "Macarrones Paquete 1 Kg",
    "category": "Macarrones, espaguetis y tallarines",
    "url": "https://tienda.consum.es/es/p/macarrones-paquete/7259104",
    "price": 1.24,
    "reference_price": 1.24,
    "iva": 5,
    "reference_unit": "1 Kg",
    "date": "2023-01-17"
  },
  {
    "id": 8513,
    "name": "Crema Q10 F30 Antiarrugas NIVEA",
    "description": "Crema Q10 F30 Antiarrugas 50 ml",
    "category": "Hidratación",
    "url": "https://tienda.consum.es/es/p/crema-q10-f30-antiarrugas/7260532",
    "price": 10.99,
    "reference_price": 21.98,
    "iva": 21,
    "reference_unit": "100 ml",
    "date": "2023-01-17"
  },
  {
    "id": 8525,
    "name": "Desodorante Spray Protege y Cuida NIVEA",
    "description": "Desodorante Spray Protege y Cuida 200 ml",
    "category": "Spray",
    "url": "https://tienda.consum.es/es/p/desodorante-spray-protege-y-cuida/7261720",
    "price": 2.95,
    "reference_price": 1.48,
    "iva": 21,
    "reference_unit": "100 ml",
    "date": "2023-01-17"
  },
  {
    "id": 8529,
    "name": "Spaghetti Paquete CONSUM",
    "description": "Spaghetti Paquete 1 Kg",
    "category": "Macarrones, espaguetis y tallarines",
    "url": "https://tienda.consum.es/es/p/spaghetti-paquete/7262488",
    "price": 1.24,
    "reference_price": 1.24,
    "iva": 5,
    "reference_unit": "1 Kg",
    "date": "2023-01-17"
  },
  {
    "id": 8537,
    "name": "Chocolate Negro 70% con Almendras VALOR",
    "description": "Chocolate Negro 70% con Almendras 250 Gr",
    "category": "Tabletas",
    "url": "https://tienda.consum.es/es/p/chocolate-negro-70-con-almendras/7264422",
    "price": 3.99,
    "reference_price": 15.96,
    "iva": 10,
    "reference_unit": "1 Kg",
    "date": "2023-01-17"
  },
  {
    "id": 8538,
    "name": "Trampa Cucarachas Doble Cebo CUCAL",
    "description": "Trampa Cucarachas Doble Cebo 6 U",
    "category": "Anti hormigas y cucarachicidas",
    "url": "https://tienda.consum.es/es/p/trampa-cucarachas-doble-cebo/99390",
    "price": 4.99,
    "reference_price": 0.83,
    "iva": 21,
    "reference_unit": "1 U",
    "date": "2023-01-17"
  },
  {
    "id": 8539,
    "name": "Pechuga de Pollo ",
    "description": "Pechuga de Pollo",
    "category": "Aves y conejo",
    "url": "https://tienda.consum.es/es/p/pechuga-de-pollo/107359",
    "price": 1.86,
    "reference_price": 7.15,
    "iva": 10,
    "reference_unit": "1 Kg",
    "date": "2023-01-17"
  },
  {
    "id": 8541,
    "name": "Queso Mezcla Semi Leche Pasteurizada G.BAQUERO",
    "description": "Queso Mezcla Semi Leche Pasteurizada",
    "category": "Quesos de Oveja",
    "url": "https://tienda.consum.es/es/p/queso-mezcla-semi-leche-pasteurizada/232710",
    "price": 15,
    "reference_price": 15,
    "iva": 0,
    "reference_unit": "1 Kg",
    "date": "2023-01-17"
  },
  {
    "id": 8542,
    "name": "Insecticida Cucarachas Spray CUCAL",
    "description": "Insecticida Cucarachas Spray 400 ml",
    "category": "Anti hormigas y cucarachicidas",
    "url": "https://tienda.consum.es/es/p/insecticida-cucarachas-spray/333567",
    "price": 4.15,
    "reference_price": 10.38,
    "iva": 21,
    "reference_unit": "1 L",
    "date": "2023-01-17"
  },
  {
    "id": 8543,
    "name": "Laca Cabello Normal ELNETT",
    "description": "Laca Cabello Normal 400 ml",
    "category": "Lacas",
    "url": "https://tienda.consum.es/es/p/laca-cabello-normal/440735",
    "price": 6.9,
    "reference_price": 1.73,
    "iva": 21,
    "reference_unit": "100 ml",
    "date": "2023-01-17"
  },
  {
    "id": 8544,
    "name": "Tarrina de Vainilla con Nueces 460 Ml. HAAGEN DAZS",
    "description": "Tarrina de Vainilla con Nueces 460 Ml. 400 Gr",
    "category": "Tarrinas",
    "url": "https://tienda.consum.es/es/p/tarrina-de-vainilla-con-nueces-460-ml/599993",
    "price": 6.99,
    "reference_price": 17.48,
    "iva": 10,
    "reference_unit": "1 Kg",
    "date": "2023-01-17"
  },
  {
    "id": 8545,
    "name": "Longaniza de Pascua SERRANO",
    "description": "Longaniza de Pascua",
    "category": "Salchichón y salami",
    "url": "https://tienda.consum.es/es/p/longaniza-de-pascua/936864",
    "price": 0.62,
    "reference_price": 15.5,
    "iva": 10,
    "reference_unit": "1 Kg",
    "date": "2023-01-17"
  },
  {
    "id": 8546,
    "name": "Emperador corte sin Hueso ",
    "description": "Emperador corte sin Hueso - Cortada 250gr aprox.",
    "category": "Pescado azul",
    "url": "https://tienda.consum.es/es/p/emperador-corte-sin-hueso/938852",
    "price": 4.99,
    "reference_price": 19.95,
    "iva": 10,
    "reference_unit": "1 Kg",
    "date": "2023-01-17"
  },
  {
    "id": 8547,
    "name": "Sepia Limpia . ",
    "description": "Sepia Limpia - Pieza 500 g aprox.",
    "category": "Calamar y sepia",
    "url": "https://tienda.consum.es/es/p/sepia-limpia-/938910",
    "price": 12.57,
    "reference_price": 13.95,
    "iva": 10,
    "reference_unit": "1 Kg",
    "date": "2023-01-17"
  },
  {
    "id": 8548,
    "name": "Confitura Diet Fresa HERO",
    "description": "Confitura Diet Fresa 280 Gr",
    "category": "Mermeladas y confituras",
    "url": "https://tienda.consum.es/es/p/confitura-diet-fresa/941088",
    "price": 2.1,
    "reference_price": 7.5,
    "iva": 10,
    "reference_unit": "1 Kg",
    "date": "2023-01-17"
  },
  {
    "id": 8550,
    "name": "Cuarto Trasero de Pollo ",
    "description": "Cuarto Trasero de Pollo",
    "category": "Aves y conejo",
    "url": "https://tienda.consum.es/es/p/cuarto-trasero-de-pollo/4374864",
    "price": 1.2,
    "reference_price": 3.6,
    "iva": 10,
    "reference_unit": "1 Kg",
    "date": "2023-01-17"
  },
  {
    "id": 8551,
    "name": "Pollo Limpio ",
    "description": "Pollo Limpio",
    "category": "Aves y conejo",
    "url": "https://tienda.consum.es/es/p/pollo-limpio/4378345",
    "price": 6.91,
    "reference_price": 3.25,
    "iva": 10,
    "reference_unit": "1 Kg",
    "date": "2023-01-17"
  },
  {
    "id": 8554,
    "name": "Bebida de Chufa Zero Botella CHUFI",
    "description": "Bebida de Chufa Zero Botella 1 L",
    "category": "Horchatas",
    "url": "https://tienda.consum.es/es/p/bebida-de-chufa-zero-botella/7025013",
    "price": 1.89,
    "reference_price": 1.89,
    "iva": 10,
    "reference_unit": "1 L",
    "date": "2023-01-17"
  },
  {
    "id": 8555,
    "name": "Tarrina Sorbete de Limón 1000 Ml.l CONSUM",
    "description": "Tarrina Sorbete de Limón 1000 Ml.l 570 Gr",
    "category": "Tarrinas",
    "url": "https://tienda.consum.es/es/p/tarrina-sorbete-de-limon-1000-mll/7025203",
    "price": 2.59,
    "reference_price": 4.54,
    "iva": 10,
    "reference_unit": "1 Kg",
    "date": "2023-01-17"
  },
  {
    "id": 8556,
    "name": "Alcachofas Cuarteadas Lata CONSUM",
    "description": "Alcachofas Cuarteadas Lata 240 Gr",
    "category": "Alcachofa",
    "url": "https://tienda.consum.es/es/p/alcachofas-cuarteadas-lata/7036192",
    "price": 1.99,
    "reference_price": 8.29,
    "iva": 10,
    "reference_unit": "1 Kg",
    "date": "2023-01-17"
  },
  {
    "id": 8557,
    "name": "Danet de Chocolate Natillas Pack de 4 Und. DANONE",
    "description": "Danet de Chocolate Natillas Pack de 4 Und. 4 x 120 Gr",
    "category": "Natillas",
    "url": "https://tienda.consum.es/es/p/danet-de-chocolate-natillas-pack-de-4-und/7037112",
    "price": 2.39,
    "reference_price": 4.98,
    "iva": 10,
    "reference_unit": "1 Kg",
    "date": "2023-01-17"
  },
  {
    "id": 8558,
    "name": "Tarrina de Tiramisú 900 Ml CONSUM",
    "description": "Tarrina de Tiramisú 900 Ml 464 Gr",
    "category": "Tarrinas",
    "url": "https://tienda.consum.es/es/p/tarrina-de-tiramisu-900-ml/7046444",
    "price": 2.89,
    "reference_price": 6.23,
    "iva": 10,
    "reference_unit": "1 Kg",
    "date": "2023-01-17"
  },
  {
    "id": 8559,
    "name": "Tarrina 3 Chocolates 900 Ml. CONSUM",
    "description": "Tarrina 3 Chocolates 900 Ml. 500 Gr",
    "category": "Tarrinas",
    "url": "https://tienda.consum.es/es/p/tarrina-3-chocolates-900-ml/7046451",
    "price": 3.59,
    "reference_price": 7.18,
    "iva": 10,
    "reference_unit": "1 Kg",
    "date": "2023-01-17"
  },
  {
    "id": 8560,
    "name": "Tarrina de Vainilla y Nueces Pecan 900 Ml. CONSUM",
    "description": "Tarrina de Vainilla y Nueces Pecan 900 Ml. 476 Gr",
    "category": "Tarrinas",
    "url": "https://tienda.consum.es/es/p/tarrina-de-vainilla-y-nueces-pecan-900-ml/7046456",
    "price": 3.59,
    "reference_price": 7.56,
    "iva": 10,
    "reference_unit": "1 Kg",
    "date": "2023-01-17"
  },
  {
    "id": 8562,
    "name": "Filetes de Bacalao congelados CONSUM",
    "description": "Filetes de Bacalao congelados 360 Gr",
    "category": "Pescados y mariscos",
    "url": "https://tienda.consum.es/es/p/filetes-de-bacalao-congelados/7061740",
    "price": 5.99,
    "reference_price": 16.64,
    "iva": 10,
    "reference_unit": "1 Kg",
    "date": "2023-01-17"
  },
  {
    "id": 8563,
    "name": "Danonino Petit Maxi Fresa y Plátano Pack 4 U DANONE",
    "description": "Danonino Petit Maxi Fresa y Plátano Pack 4 U 4 x 100 Gr",
    "category": "Petit e infantiles",
    "url": "https://tienda.consum.es/es/p/danonino-petit-maxi-fresa-y-platano-pack-4-u/7068588",
    "price": 2.11,
    "reference_price": 5.28,
    "iva": 0,
    "reference_unit": "1 Kg",
    "date": "2023-01-17"
  },
  {
    "id": 8564,
    "name": "Ambientador WC Liquido Concentrado FORESAN",
    "description": "Ambientador WC Liquido Concentrado 1 U",
    "category": "Aerosol spray o pistola",
    "url": "https://tienda.consum.es/es/p/ambientador-wc-liquido-concentrado/7075518",
    "price": 1.7,
    "reference_price": 1.7,
    "iva": 21,
    "reference_unit": "1 U",
    "date": "2023-01-17"
  },
  {
    "id": 8566,
    "name": "Cono Nata Pack de 6 Unidades CONSUM",
    "description": "Cono Nata Pack de 6 Unidades 426 Gr",
    "category": "Conos",
    "url": "https://tienda.consum.es/es/p/cono-nata-pack-de-6-unidades/7081156",
    "price": 1.8,
    "reference_price": 4.23,
    "iva": 10,
    "reference_unit": "1 Kg",
    "date": "2023-01-17"
  },
  {
    "id": 8572,
    "name": "Minibombones sin Azúcar 4Clásico + 4 Almendrado CONSUM",
    "description": "Minibombones sin Azúcar 4Clásico + 4 Almendrado 288 Gr",
    "category": "Helados",
    "url": "https://tienda.consum.es/es/p/minibombones-sin-azucar-4clasico-4-almendrado/7118151",
    "price": 3.65,
    "reference_price": 12.67,
    "iva": 10,
    "reference_unit": "1 Kg",
    "date": "2023-01-17"
  },
  {
    "id": 8573,
    "name": "Néctar Piña Light Pack de 6 CONSUM",
    "description": "Néctar Piña Light Pack de 6 6 x 200 ml",
    "category": "Zumos y néctares sin azúcar",
    "url": "https://tienda.consum.es/es/p/nectar-pina-light-pack-de-6/7118594",
    "price": 1.35,
    "reference_price": 1.13,
    "iva": 21,
    "reference_unit": "1 L",
    "date": "2023-01-17"
  },
  {
    "id": 8574,
    "name": "Q.FrescTradicional Cabra L. de Cabra Pasteurizada GRANJA RINYA",
    "description": "Q.FrescTradicional Cabra L. de Cabra Pasteurizada",
    "category": "Frescos y para ensaladas",
    "url": "https://tienda.consum.es/es/p/qfresctradicional-cabra-l-de-cabra-pasteurizada/7150576",
    "price": 12.4,
    "reference_price": 12.4,
    "iva": 0,
    "reference_unit": "1 Kg",
    "date": "2023-01-17"
  },
  {
    "id": 8582,
    "name": "Limpiahogar Limpieza y Cuidado DON LIMPIO",
    "description": "Limpiahogar Limpieza y Cuidado 1,3 L",
    "category": "Limpieza hogar",
    "url": "https://tienda.consum.es/es/p/limpiahogar-limpieza-y-cuidado/7167989",
    "price": 3.99,
    "reference_price": 3.07,
    "iva": 21,
    "reference_unit": "1 L",
    "date": "2023-01-17"
  },
  {
    "id": 8585,
    "name": "Pasta Fresca Rellena 4 Quesos RANA",
    "description": "Pasta Fresca Rellena 4 Quesos 250 Gr",
    "category": "Pasta fresca",
    "url": "https://tienda.consum.es/es/p/pasta-fresca-rellena-4-quesos/7178051",
    "price": 3.29,
    "reference_price": 13.16,
    "iva": 5,
    "reference_unit": "1 Kg",
    "date": "2023-01-17"
  },
  {
    "id": 8593,
    "name": "Flan de Huevo al Baño María REINA",
    "description": "Flan de Huevo al Baño María 4 x 110 Gr",
    "category": "Flanes",
    "url": "https://tienda.consum.es/es/p/flan-de-huevo-al-bano-maria/7197424",
    "price": 2.09,
    "reference_price": 4.75,
    "iva": 10,
    "reference_unit": "1 Kg",
    "date": "2023-01-17"
  },
  {
    "id": 8595,
    "name": "Merluza Entera o Mitades ",
    "description": "Merluza Entera o Mitades - Entera 1,2 Kg aprox.",
    "category": "Pescado blanco",
    "url": "https://tienda.consum.es/es/p/merluza-entera-o-mitades/7200033",
    "price": 13.19,
    "reference_price": 10.95,
    "iva": 10,
    "reference_unit": "1 Kg",
    "date": "2023-01-17"
  },
  {
    "id": 8597,
    "name": "Cesta Vacia Mimbre regalo PONETTE",
    "description": "Cesta Vacia Mimbre regalo 1 U",
    "category": "Estuches",
    "url": "https://tienda.consum.es/es/p/cesta-vacia-mimbre-regalo/7208770",
    "price": 1.99,
    "reference_price": 1.99,
    "iva": 21,
    "reference_unit": "1 U",
    "date": "2023-01-17"
  },
  {
    "id": 8599,
    "name": "Vino Blanco Joven D.O.Mancha CARLADES",
    "description": "Vino Blanco Joven D.O.Mancha 0,75 L",
    "category": "Vinos d.o",
    "url": "https://tienda.consum.es/es/p/vino-blanco-joven-domancha/7217131",
    "price": 1.4,
    "reference_price": 1.87,
    "iva": 21,
    "reference_unit": "1 L",
    "date": "2023-01-17"
  },
  {
    "id": 8600,
    "name": "Refresco Limón Pet Zero TRINA",
    "description": "Refresco Limón Pet Zero 1,5 L",
    "category": "Refrescos sin gas",
    "url": "https://tienda.consum.es/es/p/refresco-limon-pet-zero/7217268",
    "price": 1.65,
    "reference_price": 1.1,
    "iva": 21,
    "reference_unit": "1 L",
    "date": "2023-01-17"
  },
  {
    "id": 8603,
    "name": "Hervido congelado CONSUM",
    "description": "Hervido congelado 750 Gr",
    "category": "Preparado paella y hervido",
    "url": "https://tienda.consum.es/es/p/hervido-congelado/7220689",
    "price": 1.72,
    "reference_price": 2.29,
    "iva": 0,
    "reference_unit": "1 Kg",
    "date": "2023-01-17"
  },
  {
    "id": 8607,
    "name": "Galletas Mini Cookies CONSUM",
    "description": "Galletas Mini Cookies 85 Gr",
    "category": "Galletas de chocolate",
    "url": "https://tienda.consum.es/es/p/galletas-mini-cookies/7234326",
    "price": 0.64,
    "reference_price": 7.53,
    "iva": 10,
    "reference_unit": "1 Kg",
    "date": "2023-01-17"
  },
  {
    "id": 8608,
    "name": "Esponja Dermomasaje Tonificante KYREY",
    "description": "Esponja Dermomasaje Tonificante 1 U",
    "category": "Esponjas",
    "url": "https://tienda.consum.es/es/p/esponja-dermomasaje-tonificante/7235091",
    "price": 1.3,
    "reference_price": 1.3,
    "iva": 21,
    "reference_unit": "1 U",
    "date": "2023-01-17"
  },
  {
    "id": 8618,
    "name": "Cerveza 0,0 % Pack de 6 Botellas AMSTEL",
    "description": "Cerveza 0,0 % Pack de 6 Botellas 6 x 0,25 L",
    "category": "0, 0 y 0, 9",
    "url": "https://tienda.consum.es/es/p/cerveza-00-pack-de-6-botellas/7250173",
    "price": 3.19,
    "reference_price": 2.13,
    "iva": 21,
    "reference_unit": "1 L",
    "date": "2023-01-17"
  },
  {
    "id": 8619,
    "name": "Vino Tinto Premium D.O.Bierzo FLAVIUM",
    "description": "Vino Tinto Premium D.O.Bierzo 0,75 L",
    "category": "Vinos d.o",
    "url": "https://tienda.consum.es/es/p/vino-tinto-premium-dobierzo/7251577",
    "price": 3.99,
    "reference_price": 5.32,
    "iva": 21,
    "reference_unit": "1 L",
    "date": "2023-01-17"
  },
  {
    "id": 8623,
    "name": "Café Lungo Cápsulas DOLCE GUSTO",
    "description": "Café Lungo Cápsulas 16 U",
    "category": "Café en cápsulas",
    "url": "https://tienda.consum.es/es/p/cafe-lungo-capsulas/7255958",
    "price": 4.89,
    "reference_price": 0.31,
    "iva": 10,
    "reference_unit": "1 U",
    "date": "2023-01-17"
  },
  {
    "id": 8627,
    "name": "Fósforos de Madera para Cocina FLAM UP",
    "description": "Fósforos de Madera para Cocina 3 U",
    "category": "Barbacoa, piscina y playa",
    "url": "https://tienda.consum.es/es/p/fosforos-de-madera-para-cocina/7258700",
    "price": 0.9,
    "reference_price": 0.3,
    "iva": 21,
    "reference_unit": "1 U",
    "date": "2023-01-17"
  },
  {
    "id": 8630,
    "name": "Fósforos de Madera FLAM UP",
    "description": "Fósforos de Madera 10 U",
    "category": "Barbacoa, piscina y playa",
    "url": "https://tienda.consum.es/es/p/fosforos-de-madera/7260193",
    "price": 0.99,
    "reference_price": 0.1,
    "iva": 21,
    "reference_unit": "1 U",
    "date": "2023-01-17"
  },
  {
    "id": 8633,
    "name": "Serum Revitalift White L'OREAL",
    "description": "Serum Revitalift White 30 ml",
    "category": "Tratamiento",
    "url": "https://tienda.consum.es/es/p/serum-revitalift-white/7261634",
    "price": 9.95,
    "reference_price": 33.17,
    "iva": 21,
    "reference_unit": "100 ml",
    "date": "2023-01-17"
  },
  {
    "id": 8637,
    "name": "Arroz Risotto Arborio Paquete SCOTTI",
    "description": "Arroz Risotto Arborio Paquete 500 Gr",
    "category": "Arroz, pastas, legumbres",
    "url": "https://tienda.consum.es/es/p/arroz-risotto-arborio-paquete/7262462",
    "price": 1.78,
    "reference_price": 3.56,
    "iva": 0,
    "reference_unit": "1 Kg",
    "date": "2023-01-17"
  },
  {
    "id": 8657,
    "name": "Pan Sandwich Multicereal Sottile 8 Unidades DULCESOL",
    "description": "Pan Sandwich Multicereal Sottile 8 Unidades 310 Gr",
    "category": "Pan de molde integral y cereales",
    "url": "https://tienda.consum.es/es/p/pan-sandwich-multicereal-sottile-8-unidades/7264380",
    "price": 1.79,
    "reference_price": 5.77,
    "iva": 10,
    "reference_unit": "1 Kg",
    "date": "2023-01-17"
  },
  {
    "id": 8660,
    "name": "Leche Evaporada Brik ASTURIANA",
    "description": "Leche Evaporada Brik 345 Gr",
    "category": "Evaporada",
    "url": "https://tienda.consum.es/es/p/leche-evaporada-brik/7264716",
    "price": 1.35,
    "reference_price": 3.91,
    "iva": 0,
    "reference_unit": "1 Kg",
    "date": "2023-01-17"
  },
  {
    "id": 8662,
    "name": "Torcidas Regaliz Fresa FINI",
    "description": "Torcidas Regaliz Fresa 170 Gr",
    "category": "Chicles, caramelos y gominolas",
    "url": "https://tienda.consum.es/es/p/torcidas-regaliz-fresa/7265176",
    "price": 1.15,
    "reference_price": 7.67,
    "iva": 10,
    "reference_unit": "1 Kg",
    "date": "2023-01-17"
  },
  {
    "id": 8663,
    "name": "Cerveza Maestra Lata MAHOU",
    "description": "Cerveza Maestra Lata 0,33 L",
    "category": "Especialidades",
    "url": "https://tienda.consum.es/es/p/cerveza-maestra-lata/7265432",
    "price": 0.99,
    "reference_price": 3,
    "iva": 21,
    "reference_unit": "1 L",
    "date": "2023-01-17"
  },
  {
    "id": 8665,
    "name": "Tomate para Untar con Aceite y Ajo Tarrina IBERITOS",
    "description": "Tomate para Untar con Aceite y Ajo Tarrina 4 x 25 Gr",
    "category": "Tomate",
    "url": "https://tienda.consum.es/es/p/tomate-para-untar-con-aceite-y-ajo-tarrina/7265973",
    "price": 1.29,
    "reference_price": 12.9,
    "iva": 10,
    "reference_unit": "1 Kg",
    "date": "2023-01-17"
  },
  {
    "id": 8669,
    "name": "Pera Alejandrina ",
    "description": "Pera Alejandrina",
    "category": "Manzana, pera y plátano",
    "url": "https://tienda.consum.es/es/p/pera-alejandrina/2386",
    "price": 0.58,
    "reference_price": 2.2,
    "iva": 0,
    "reference_unit": "1 Kg",
    "date": "2023-01-17"
  },
  {
    "id": 8670,
    "name": "Aluminio ALBAL",
    "description": "Aluminio 30 M",
    "category": "Bazar",
    "url": "https://tienda.consum.es/es/p/aluminio/63073",
    "price": 4.1,
    "reference_price": 0.14,
    "iva": 21,
    "reference_unit": "1 M",
    "date": "2023-01-17"
  },
  {
    "id": 8673,
    "name": "Queso Fundido Entero Lonchas HOCHLAND",
    "description": "Queso Fundido Entero Lonchas 300 Gr",
    "category": "Barra y otros nacionales",
    "url": "https://tienda.consum.es/es/p/queso-fundido-entero-lonchas/228221",
    "price": 2.11,
    "reference_price": 7.03,
    "iva": 0,
    "reference_unit": "1 Kg",
    "date": "2023-01-17"
  },
  {
    "id": 8675,
    "name": "Sopa Deshidratada Verdura Sobre G.BLANCA",
    "description": "Sopa Deshidratada Verdura Sobre 51 Gr",
    "category": "Preparados en sobre",
    "url": "https://tienda.consum.es/es/p/sopa-deshidratada-verdura-sobre/364406",
    "price": 0.69,
    "reference_price": 13.53,
    "iva": 10,
    "reference_unit": "1 Kg",
    "date": "2023-01-17"
  },
  {
    "id": 8676,
    "name": "After Shave Bálsamo NIVEA",
    "description": "After Shave Bálsamo 100 ml",
    "category": "Después afeitado",
    "url": "https://tienda.consum.es/es/p/after-shave-balsamo/400770",
    "price": 5.4,
    "reference_price": 5.4,
    "iva": 21,
    "reference_unit": "100 ml",
    "date": "2023-01-17"
  },
  {
    "id": 8679,
    "name": "Limpiador WC Líquido Frescor PATO",
    "description": "Limpiador WC Líquido Frescor 0,75 L",
    "category": "Limpieza baños",
    "url": "https://tienda.consum.es/es/p/limpiador-wc-liquido-frescor/412031",
    "price": 3.19,
    "reference_price": 4.25,
    "iva": 21,
    "reference_unit": "1 L",
    "date": "2023-01-17"
  },
  {
    "id": 8680,
    "name": "Limpiamuebles Spray PRONTO",
    "description": "Limpiamuebles Spray 0,3 L",
    "category": "Limpieza hogar",
    "url": "https://tienda.consum.es/es/p/limpiamuebles-spray/415786",
    "price": 3.2,
    "reference_price": 10.67,
    "iva": 21,
    "reference_unit": "1 L",
    "date": "2023-01-17"
  },
  {
    "id": 8681,
    "name": "Fregona Sintética Super VILEDA",
    "description": "Fregona Sintética Super 1 U",
    "category": "Fregonas",
    "url": "https://tienda.consum.es/es/p/fregona-sintetica-super/418160",
    "price": 2.59,
    "reference_price": 2.59,
    "iva": 21,
    "reference_unit": "1 U",
    "date": "2023-01-17"
  },
  {
    "id": 8687,
    "name": "Estropajos Acero Inox SPONTEX",
    "description": "Estropajos Acero Inox 2 U",
    "category": "Estropajos",
    "url": "https://tienda.consum.es/es/p/estropajos-acero-inox/431122",
    "price": 1.45,
    "reference_price": 0.73,
    "iva": 21,
    "reference_unit": "1 U",
    "date": "2023-01-17"
  },
  {
    "id": 8688,
    "name": "Néctar Piña Botella Pet GRANINI",
    "description": "Néctar Piña Botella Pet 1 L",
    "category": "Zumos y néctares no refrigerados",
    "url": "https://tienda.consum.es/es/p/nectar-pina-botella-pet/444356",
    "price": 2.69,
    "reference_price": 2.69,
    "iva": 21,
    "reference_unit": "1 L",
    "date": "2023-01-17"
  },
  {
    "id": 8689,
    "name": "Néctar Melocotón Botella Pet GRANINI",
    "description": "Néctar Melocotón Botella Pet 1 L",
    "category": "Zumos y néctares no refrigerados",
    "url": "https://tienda.consum.es/es/p/nectar-melocoton-botella-pet/444364",
    "price": 2.99,
    "reference_price": 2.99,
    "iva": 21,
    "reference_unit": "1 L",
    "date": "2023-01-17"
  },
  {
    "id": 8692,
    "name": "Tampones Digital Normal OB",
    "description": "Tampones Digital Normal 32 U",
    "category": "Tampones",
    "url": "https://tienda.consum.es/es/p/tampones-digital-normal/464552",
    "price": 5.38,
    "reference_price": 0.17,
    "iva": 4,
    "reference_unit": "1 U",
    "date": "2023-01-17"
  },
  {
    "id": 8694,
    "name": "Limpiacristales Cristalino Pistola CRISTASOL",
    "description": "Limpiacristales Cristalino Pistola 0,75 L",
    "category": "Limpieza hogar",
    "url": "https://tienda.consum.es/es/p/limpiacristales-cristalino-pistola/519710",
    "price": 2.59,
    "reference_price": 3.45,
    "iva": 21,
    "reference_unit": "1 L",
    "date": "2023-01-17"
  },
  {
    "id": 8695,
    "name": "Maquinilla Extra II Piel Sensible Desechable WILKINSON",
    "description": "Maquinilla Extra II Piel Sensible Desechable 10 U",
    "category": "Maquinillas de afeitar",
    "url": "https://tienda.consum.es/es/p/maquinilla-extra-ii-piel-sensible-desechable/551085",
    "price": 5.99,
    "reference_price": 0.6,
    "iva": 21,
    "reference_unit": "1 U",
    "date": "2023-01-17"
  },
  {
    "id": 8696,
    "name": "Laurel en Hojas Bolsa DUCROS",
    "description": "Laurel en Hojas Bolsa 8 Gr",
    "category": "Especias",
    "url": "https://tienda.consum.es/es/p/laurel-en-hojas-bolsa/557371",
    "price": 1.39,
    "reference_price": 17.38,
    "iva": 10,
    "reference_unit": "100 Gr",
    "date": "2023-01-17"
  },
  {
    "id": 8697,
    "name": "Néctar Pomelo Rosa Botella Pet GRANINI",
    "description": "Néctar Pomelo Rosa Botella Pet 1 L",
    "category": "Zumos y néctares no refrigerados",
    "url": "https://tienda.consum.es/es/p/nectar-pomelo-rosa-botella-pet/557769",
    "price": 2.69,
    "reference_price": 2.69,
    "iva": 21,
    "reference_unit": "1 L",
    "date": "2023-01-17"
  },
  {
    "id": 8699,
    "name": "Palo de Fregona Universal VILEDA",
    "description": "Palo de Fregona Universal 1 U",
    "category": "Fregonas",
    "url": "https://tienda.consum.es/es/p/palo-de-fregona-universal/647263",
    "price": 3.85,
    "reference_price": 3.85,
    "iva": 21,
    "reference_unit": "1 U",
    "date": "2023-01-17"
  },
  {
    "id": 8700,
    "name": "Salteado con Alubias Bote MAMIA",
    "description": "Salteado con Alubias Bote 400 Gr",
    "category": "Conservas",
    "url": "https://tienda.consum.es/es/p/salteado-con-alubias-bote/681445",
    "price": 1.65,
    "reference_price": 4.13,
    "iva": 10,
    "reference_unit": "1 Kg",
    "date": "2023-01-17"
  },
  {
    "id": 8702,
    "name": "Comida Húmeda Perros de Pollo en Lata PEDIGREE",
    "description": "Comida Húmeda Perros de Pollo en Lata 800 Gr",
    "category": "Húmedo",
    "url": "https://tienda.consum.es/es/p/comida-humeda-perros-de-pollo-en-lata/867887",
    "price": 3.29,
    "reference_price": 4.11,
    "iva": 10,
    "reference_unit": "1 Kg",
    "date": "2023-01-17"
  },
  {
    "id": 8705,
    "name": "Sobrasada Etiqueta Negra ZAGAL",
    "description": "Sobrasada Etiqueta Negra 200 Gr",
    "category": "Sobrasada",
    "url": "https://tienda.consum.es/es/p/sobrasada-etiqueta-negra/2013308",
    "price": 2.59,
    "reference_price": 12.95,
    "iva": 10,
    "reference_unit": "1 Kg",
    "date": "2023-01-17"
  },
  {
    "id": 8706,
    "name": "Estropajos Salvauñas Classic 2u más 1 regalo S.BRITE",
    "description": "Estropajos Salvauñas Classic 2u más 1 regalo 3 U",
    "category": "Estropajos",
    "url": "https://tienda.consum.es/es/p/estropajos-salvaunas-classic-2u-mas-1-regalo/2038941",
    "price": 1.89,
    "reference_price": 0.63,
    "iva": 21,
    "reference_unit": "1 U",
    "date": "2023-01-17"
  },
  {
    "id": 8707,
    "name": "Escoba Antichoque con Función 3 en 1 VILEDA",
    "description": "Escoba Antichoque con Función 3 en 1 1 U",
    "category": "Escoba y recogedor",
    "url": "https://tienda.consum.es/es/p/escoba-antichoque-con-funcion-3-en-1/2139830",
    "price": 5.59,
    "reference_price": 5.59,
    "iva": 21,
    "reference_unit": "1 U",
    "date": "2023-01-17"
  },
  {
    "id": 8708,
    "name": "Manzana Pink Lady ",
    "description": "Manzana Pink Lady",
    "category": "Manzana, pera y plátano",
    "url": "https://tienda.consum.es/es/p/manzana-pink-lady/2388676",
    "price": 0.63,
    "reference_price": 2.88,
    "iva": 0,
    "reference_unit": "1 Kg",
    "date": "2023-01-17"
  },
  {
    "id": 8709,
    "name": "Body Milk Hidratante Nutritivo DOVE",
    "description": "Body Milk Hidratante Nutritivo 400 ml",
    "category": "Body-lociones",
    "url": "https://tienda.consum.es/es/p/body-milk-hidratante-nutritivo/2816999",
    "price": 4.75,
    "reference_price": 1.19,
    "iva": 21,
    "reference_unit": "100 ml",
    "date": "2023-01-17"
  },
  {
    "id": 8713,
    "name": "Gel Fijador Extrafuerte Style FRUCTIS",
    "description": "Gel Fijador Extrafuerte Style 200 ml",
    "category": "Gel y cera",
    "url": "https://tienda.consum.es/es/p/gel-fijador-extrafuerte-style/3715471",
    "price": 3.15,
    "reference_price": 1.58,
    "iva": 21,
    "reference_unit": "100 ml",
    "date": "2023-01-17"
  },
  {
    "id": 8717,
    "name": "Multiusos Espuma TENN",
    "description": "Multiusos Espuma 0,5 L",
    "category": "Limpieza hogar",
    "url": "https://tienda.consum.es/es/p/multiusos-espuma/4839759",
    "price": 3.99,
    "reference_price": 7.98,
    "iva": 21,
    "reference_unit": "1 L",
    "date": "2023-01-17"
  },
  {
    "id": 8718,
    "name": "Maquinilla Desechable Blue II Plus GILLETTE",
    "description": "Maquinilla Desechable Blue II Plus 5 U",
    "category": "Maquinillas y recambios",
    "url": "https://tienda.consum.es/es/p/maquinilla-desechable-blue-ii-plus/5178678",
    "price": 3.49,
    "reference_price": 0.7,
    "iva": 21,
    "reference_unit": "1 U",
    "date": "2023-01-17"
  },
  {
    "id": 8719,
    "name": "Bebida Energética Light Lata RED BULL",
    "description": "Bebida Energética Light Lata 0,25 L",
    "category": "Energéticas",
    "url": "https://tienda.consum.es/es/p/bebida-energetica-light-lata/5418249",
    "price": 1.49,
    "reference_price": 5.96,
    "iva": 21,
    "reference_unit": "1 L",
    "date": "2023-01-17"
  },
  {
    "id": 8721,
    "name": "Corazones Lechuga 6 U Peso Aproximado 200 gr EL DULZE",
    "description": "Corazones Lechuga 6 U Peso Aproximado 200 gr 0,2 Kg",
    "category": "Lechuga y endibias",
    "url": "https://tienda.consum.es/es/p/corazones-lechuga-6-u-peso-aproximado-200-gr/5983945",
    "price": 1.91,
    "reference_price": 9.55,
    "iva": 0,
    "reference_unit": "1 Kg",
    "date": "2023-01-17"
  },
  {
    "id": 8725,
    "name": "Garbanza Blanca LUENGO",
    "description": "Garbanza Blanca 500 Gr",
    "category": "Legumbres secas",
    "url": "https://tienda.consum.es/es/p/garbanza-blanca/7012412",
    "price": 2.36,
    "reference_price": 4.72,
    "iva": 0,
    "reference_unit": "1 Kg",
    "date": "2023-01-17"
  },
  {
    "id": 8728,
    "name": "Alubia Blanca Larga LUENGO",
    "description": "Alubia Blanca Larga 500 Gr",
    "category": "Legumbres secas",
    "url": "https://tienda.consum.es/es/p/alubia-blanca-larga/7021116",
    "price": 1.54,
    "reference_price": 3.08,
    "iva": 0,
    "reference_unit": "1 Kg",
    "date": "2023-01-17"
  },
  {
    "id": 8731,
    "name": "Arroz Vaporizado CONSUM",
    "description": "Arroz Vaporizado 1 Kg",
    "category": "Arroz",
    "url": "https://tienda.consum.es/es/p/arroz-vaporizado/7022726",
    "price": 1.54,
    "reference_price": 1.54,
    "iva": 0,
    "reference_unit": "1 Kg",
    "date": "2023-01-17"
  },
  {
    "id": 8732,
    "name": "Arroz Integral D.O. Valencia Paquete DACSA",
    "description": "Arroz Integral D.O. Valencia Paquete 1 Kg",
    "category": "Arroz",
    "url": "https://tienda.consum.es/es/p/arroz-integral-do-valencia-paquete/7025039",
    "price": 1.91,
    "reference_price": 1.91,
    "iva": 0,
    "reference_unit": "1 Kg",
    "date": "2023-01-17"
  },
  {
    "id": 8733,
    "name": "Sándwich de Vainilla y Chocolate 6 Unidades CONSUM",
    "description": "Sándwich de Vainilla y Chocolate 6 Unidades 318 Gr",
    "category": "Sándwich",
    "url": "https://tienda.consum.es/es/p/sandwich-de-vainilla-y-chocolate-6-unidades/7025179",
    "price": 2.25,
    "reference_price": 7.08,
    "iva": 10,
    "reference_unit": "1 Kg",
    "date": "2023-01-17"
  },
  {
    "id": 8734,
    "name": "Lejía Lavadora Protección ACE",
    "description": "Lejía Lavadora Protección 2 L",
    "category": "Aditivos y complementos",
    "url": "https://tienda.consum.es/es/p/lejia-lavadora-proteccion/7026862",
    "price": 2.15,
    "reference_price": 1.08,
    "iva": 21,
    "reference_unit": "1 L",
    "date": "2023-01-17"
  },
  {
    "id": 8738,
    "name": "Stick Mordedor Picnic FRISKIES",
    "description": "Stick Mordedor Picnic 15 U",
    "category": "Snacks",
    "url": "https://tienda.consum.es/es/p/stick-mordedor-picnic/7036619",
    "price": 2.2,
    "reference_price": 0.15,
    "iva": 10,
    "reference_unit": "1 U",
    "date": "2023-01-17"
  },
  {
    "id": 8739,
    "name": "Cebolla Tierna Pequeña Bandeja ",
    "description": "Cebolla Tierna Pequeña Bandeja 300 Gr",
    "category": "Patatas, cebollas y ajos",
    "url": "https://tienda.consum.es/es/p/cebolla-tierna-pequena-bandeja/7043367",
    "price": 1.91,
    "reference_price": 6.37,
    "iva": 0,
    "reference_unit": "1 Kg",
    "date": "2023-01-17"
  },
  {
    "id": 8740,
    "name": "Sardinas en Escabeche Lata CONSUM",
    "description": "Sardinas en Escabeche Lata 84 Gr",
    "category": "Sardinas",
    "url": "https://tienda.consum.es/es/p/sardinas-en-escabeche-lata/7043722",
    "price": 1.12,
    "reference_price": 13.33,
    "iva": 10,
    "reference_unit": "1 Kg",
    "date": "2023-01-17"
  },
  {
    "id": 8742,
    "name": "Sopa Deshidratada Ave y Arroz Sobre G.BLANCA",
    "description": "Sopa Deshidratada Ave y Arroz Sobre 80 Gr",
    "category": "Preparados en sobre",
    "url": "https://tienda.consum.es/es/p/sopa-deshidratada-ave-y-arroz-sobre/7044803",
    "price": 0.69,
    "reference_price": 8.63,
    "iva": 10,
    "reference_unit": "1 Kg",
    "date": "2023-01-17"
  },
  {
    "id": 8753,
    "name": "Ensalada Maxi Variada Bolsa CONSUM",
    "description": "Ensalada Maxi Variada Bolsa 350 Gr",
    "category": "Ensaladas y brotes",
    "url": "https://tienda.consum.es/es/p/ensalada-maxi-variada-bolsa/7054328",
    "price": 1.91,
    "reference_price": 5.46,
    "iva": 0,
    "reference_unit": "1 Kg",
    "date": "2023-01-17"
  },
  {
    "id": 8757,
    "name": "Bolsas para Bocadillos ALBAL",
    "description": "Bolsas para Bocadillos 50 U",
    "category": "Bazar",
    "url": "https://tienda.consum.es/es/p/bolsas-para-bocadillos/7067445",
    "price": 1.69,
    "reference_price": 0.03,
    "iva": 21,
    "reference_unit": "1 U",
    "date": "2023-01-17"
  },
  {
    "id": 8758,
    "name": "Krissia Barritas de Surimi AGUINAGA",
    "description": "Krissia Barritas de Surimi 360 Gr",
    "category": "Surimis y salazones",
    "url": "https://tienda.consum.es/es/p/krissia-barritas-de-surimi/7067908",
    "price": 5.25,
    "reference_price": 14.58,
    "iva": 10,
    "reference_unit": "1 Kg",
    "date": "2023-01-17"
  },
  {
    "id": 8761,
    "name": "Fregona Microfibra SPONTEX",
    "description": "Fregona Microfibra 1 U",
    "category": "Fregonas",
    "url": "https://tienda.consum.es/es/p/fregona-microfibra/7073190",
    "price": 3.45,
    "reference_price": 3.45,
    "iva": 21,
    "reference_unit": "1 U",
    "date": "2023-01-17"
  },
  {
    "id": 8763,
    "name": "Briochoco 6 unidades CONSUM",
    "description": "Briochoco 6 unidades 240 Gr",
    "category": "Bollería industrial",
    "url": "https://tienda.consum.es/es/p/briochoco-6-unidades/7075406",
    "price": 1.45,
    "reference_price": 6.04,
    "iva": 10,
    "reference_unit": "1 Kg",
    "date": "2023-01-17"
  },
  {
    "id": 8767,
    "name": "Salami Extra Lonchas 4x60 CONSUM",
    "description": "Salami Extra Lonchas 4x60 (240gr)",
    "category": "Salchichón y salami",
    "url": "https://tienda.consum.es/es/p/salami-extra-lonchas-4x60/7076128",
    "price": 1.6,
    "reference_price": 6.67,
    "iva": 10,
    "reference_unit": "1 Kg",
    "date": "2023-01-17"
  },
  {
    "id": 8771,
    "name": "Galletas sin Sal y sin Azúcar CONSUM",
    "description": "Galletas sin Sal y sin Azúcar 600 Gr",
    "category": "Galletas saludables",
    "url": "https://tienda.consum.es/es/p/galletas-sin-sal-y-sin-azucar/7076834",
    "price": 2.75,
    "reference_price": 4.58,
    "iva": 10,
    "reference_unit": "1 Kg",
    "date": "2023-01-17"
  },
  {
    "id": 8772,
    "name": "Bombón Chocolate Negro 4 Unidades CONSUM",
    "description": "Bombón Chocolate Negro 4 Unidades 324 Gr",
    "category": "Bombones",
    "url": "https://tienda.consum.es/es/p/bombon-chocolate-negro-4-unidades/7079668",
    "price": 1.95,
    "reference_price": 6.02,
    "iva": 10,
    "reference_unit": "1 Kg",
    "date": "2023-01-17"
  },
  {
    "id": 8774,
    "name": "Apósitos Infantiles Tamaño Medios CONSUM KIDS",
    "description": "Apósitos Infantiles Tamaño Medios 20 U",
    "category": "Bandas protectoras adhesivas",
    "url": "https://tienda.consum.es/es/p/apositos-infantiles-tamano-medios/7080505",
    "price": 0.99,
    "reference_price": 0.05,
    "iva": 10,
    "reference_unit": "1 U",
    "date": "2023-01-17"
  },
  {
    "id": 8775,
    "name": "Apósitos Antiagua 2 Tamaños KYREY PHARMA",
    "description": "Apósitos Antiagua 2 Tamaños 10 U",
    "category": "Bandas protectoras adhesivas",
    "url": "https://tienda.consum.es/es/p/apositos-antiagua-2-tamanos/7080518",
    "price": 1.25,
    "reference_price": 0.13,
    "iva": 10,
    "reference_unit": "1 U",
    "date": "2023-01-17"
  },
  {
    "id": 8777,
    "name": "Mini Bombón Almendrado Pack de 8 CONSUM",
    "description": "Mini Bombón Almendrado Pack de 8 348 Gr",
    "category": "Bombones",
    "url": "https://tienda.consum.es/es/p/mini-bombon-almendrado-pack-de-8/7081375",
    "price": 2.69,
    "reference_price": 7.73,
    "iva": 10,
    "reference_unit": "1 Kg",
    "date": "2023-01-17"
  },
  {
    "id": 8778,
    "name": "Zumo Melocotón y Uva Concentrado Pack de 6 DON SIMON",
    "description": "Zumo Melocotón y Uva Concentrado Pack de 6 6 x 200 ml",
    "category": "Zumos y néctares no refrigerados",
    "url": "https://tienda.consum.es/es/p/zumo-melocoton-y-uva-concentrado-pack-de-6/7082944",
    "price": 1.99,
    "reference_price": 1.66,
    "iva": 10,
    "reference_unit": "1 L",
    "date": "2023-01-17"
  },
  {
    "id": 8781,
    "name": "Loción Piel Extra Seca Intensiva DOVE",
    "description": "Loción Piel Extra Seca Intensiva 400 ml",
    "category": "Body-lociones",
    "url": "https://tienda.consum.es/es/p/locion-piel-extra-seca-intensiva/7088151",
    "price": 4.75,
    "reference_price": 1.19,
    "iva": 21,
    "reference_unit": "100 ml",
    "date": "2023-01-17"
  },
  {
    "id": 8782,
    "name": "Vela de Aniversario Número 0 ROURA",
    "description": "Vela de Aniversario Número 0 1 U",
    "category": "Repostería para preparar",
    "url": "https://tienda.consum.es/es/p/vela-de-aniversario-numero-0/7092005",
    "price": 0.75,
    "reference_price": 0.75,
    "iva": 21,
    "reference_unit": "1 U",
    "date": "2023-01-17"
  },
  {
    "id": 8783,
    "name": "Vela de Aniversario Número 3 ROURA",
    "description": "Vela de Aniversario Número 3 1 U",
    "category": "Repostería para preparar",
    "url": "https://tienda.consum.es/es/p/vela-de-aniversario-numero-3/7092021",
    "price": 0.75,
    "reference_price": 0.75,
    "iva": 21,
    "reference_unit": "1 U",
    "date": "2023-01-17"
  },
  {
    "id": 8784,
    "name": "Vela de Aniversario Número 4 ROURA",
    "description": "Vela de Aniversario Número 4 1 U",
    "category": "Repostería para preparar",
    "url": "https://tienda.consum.es/es/p/vela-de-aniversario-numero-4/7092026",
    "price": 0.75,
    "reference_price": 0.75,
    "iva": 21,
    "reference_unit": "1 U",
    "date": "2023-01-17"
  },
  {
    "id": 8785,
    "name": "Vela de Aniversario Número 5 ROURA",
    "description": "Vela de Aniversario Número 5 1 U",
    "category": "Repostería para preparar",
    "url": "https://tienda.consum.es/es/p/vela-de-aniversario-numero-5/7092034",
    "price": 0.75,
    "reference_price": 0.75,
    "iva": 21,
    "reference_unit": "1 U",
    "date": "2023-01-17"
  },
  {
    "id": 8786,
    "name": "Vela de Aniversario Número 6 ROURA",
    "description": "Vela de Aniversario Número 6 1 U",
    "category": "Repostería para preparar",
    "url": "https://tienda.consum.es/es/p/vela-de-aniversario-numero-6/7092039",
    "price": 0.75,
    "reference_price": 0.75,
    "iva": 21,
    "reference_unit": "1 U",
    "date": "2023-01-17"
  },
  {
    "id": 8787,
    "name": "Vela de Aniversario Número 7 ROURA",
    "description": "Vela de Aniversario Número 7 1 U",
    "category": "Repostería para preparar",
    "url": "https://tienda.consum.es/es/p/vela-de-aniversario-numero-7/7092042",
    "price": 0.75,
    "reference_price": 0.75,
    "iva": 21,
    "reference_unit": "1 U",
    "date": "2023-01-17"
  },
  {
    "id": 8788,
    "name": "Vela de Aniversario Número 8 ROURA",
    "description": "Vela de Aniversario Número 8 1 U",
    "category": "Repostería para preparar",
    "url": "https://tienda.consum.es/es/p/vela-de-aniversario-numero-8/7092054",
    "price": 0.75,
    "reference_price": 0.75,
    "iva": 21,
    "reference_unit": "1 U",
    "date": "2023-01-17"
  },
  {
    "id": 8789,
    "name": "Vela de Aniversario Número 9 ROURA",
    "description": "Vela de Aniversario Número 9 1 U",
    "category": "Repostería para preparar",
    "url": "https://tienda.consum.es/es/p/vela-de-aniversario-numero-9/7092059",
    "price": 0.75,
    "reference_price": 0.75,
    "iva": 21,
    "reference_unit": "1 U",
    "date": "2023-01-17"
  },
  {
    "id": 8790,
    "name": "Vela de Aniversario Número ? ROURA",
    "description": "Vela de Aniversario Número ? 1 U",
    "category": "Repostería para preparar",
    "url": "https://tienda.consum.es/es/p/vela-de-aniversario-numero-/7092062",
    "price": 0.75,
    "reference_price": 0.75,
    "iva": 21,
    "reference_unit": "1 U",
    "date": "2023-01-17"
  },
  {
    "id": 8797,
    "name": "Estropajo Poder Verde con Esponja SPONTEX",
    "description": "Estropajo Poder Verde con Esponja 2 U",
    "category": "Estropajos",
    "url": "https://tienda.consum.es/es/p/estropajo-poder-verde-con-esponja/7097921",
    "price": 1.99,
    "reference_price": 1,
    "iva": 21,
    "reference_unit": "1 U",
    "date": "2023-01-17"
  },
  {
    "id": 8798,
    "name": "Filetes de Caballa con Tomate Lata CONSUM",
    "description": "Filetes de Caballa con Tomate Lata 78 Gr",
    "category": "Caballa y melva",
    "url": "https://tienda.consum.es/es/p/filetes-de-caballa-con-tomate-lata/7098213",
    "price": 0.89,
    "reference_price": 11.41,
    "iva": 10,
    "reference_unit": "1 Kg",
    "date": "2023-01-17"
  },
  {
    "id": 8801,
    "name": "Migas Islandia Pack de 2 Unidades ANGOMAR",
    "description": "Migas Islandia Pack de 2 Unidades 2 x 90 Gr",
    "category": "Ahumados",
    "url": "https://tienda.consum.es/es/p/migas-islandia-pack-de-2-unidades/7098861",
    "price": 3.55,
    "reference_price": 19.72,
    "iva": 10,
    "reference_unit": "1 Kg",
    "date": "2023-01-17"
  },
  {
    "id": 8802,
    "name": "Limpiahogar Aloe Vera TENN",
    "description": "Limpiahogar Aloe Vera 1,3 L",
    "category": "Limpieza hogar",
    "url": "https://tienda.consum.es/es/p/limpiahogar-aloe-vera/7098929",
    "price": 2.99,
    "reference_price": 2.3,
    "iva": 21,
    "reference_unit": "1 L",
    "date": "2023-01-17"
  },
  {
    "id": 4951,
    "name": "Manzanilla 25 Bolsitas POMPADOUR",
    "description": "Manzanilla 25 Bolsitas 25 U",
    "category": "Otras infusiones",
    "url": "https://tienda.consum.es/es/p/manzanilla-25-bolsitas/368563",
    "price": 2.25,
    "reference_price": 0.09,
    "iva": 10,
    "reference_unit": "1 U",
    "date": "2023-01-17"
  },
  {
    "id": 4952,
    "name": "Sopinstant Champiñón Caja G.BLANCA",
    "description": "Sopinstant Champiñón Caja 58,5 Gr",
    "category": "Preparados en sobre",
    "url": "https://tienda.consum.es/es/p/sopinstant-champinon-caja/369132",
    "price": 1.1,
    "reference_price": 18.8,
    "iva": 10,
    "reference_unit": "1 Kg",
    "date": "2023-01-17"
  },
  {
    "id": 4953,
    "name": "Sopinstant Espárragos Caja G.BLANCA",
    "description": "Sopinstant Espárragos Caja 54 Gr",
    "category": "Preparados en sobre",
    "url": "https://tienda.consum.es/es/p/sopinstant-esparragos-caja/369140",
    "price": 1.15,
    "reference_price": 21.3,
    "iva": 10,
    "reference_unit": "1 Kg",
    "date": "2023-01-17"
  },
  {
    "id": 4954,
    "name": "Gaseosa. Botella LA CASERA",
    "description": "Gaseosa. Botella 1,5 L",
    "category": "Gaseosas y sodas",
    "url": "https://tienda.consum.es/es/p/gaseosa-botella/371120",
    "price": 1.15,
    "reference_price": 0.77,
    "iva": 21,
    "reference_unit": "1 L",
    "date": "2023-01-17"
  },
  {
    "id": 4955,
    "name": "Fabada Asturiana Bote LITORAL",
    "description": "Fabada Asturiana Bote 435 Gr",
    "category": "Conservas",
    "url": "https://tienda.consum.es/es/p/fabada-asturiana-bote/372219",
    "price": 2.15,
    "reference_price": 5.12,
    "iva": 10,
    "reference_unit": "1 Kg",
    "date": "2023-01-17"
  },
  {
    "id": 4956,
    "name": "C.Semi Nevada P3 D.O.Cava FREIXENET",
    "description": "C.Semi Nevada P3 D.O.Cava 3 x 0,2 L",
    "category": "Cavas y sidras",
    "url": "https://tienda.consum.es/es/p/csemi-nevada-p3-docava/373449",
    "price": 5.39,
    "reference_price": 8.98,
    "iva": 21,
    "reference_unit": "1 L",
    "date": "2023-01-17"
  },
  {
    "id": 4957,
    "name": "Cerveza Lata SAN MIGUEL",
    "description": "Cerveza Lata 0,33 L",
    "category": "Nacional lata",
    "url": "https://tienda.consum.es/es/p/cerveza-lata/373498",
    "price": 0.49,
    "reference_price": 1.48,
    "iva": 21,
    "reference_unit": "1 L",
    "date": "2023-01-17"
  },
  {
    "id": 4958,
    "name": "Huesitos Multipack 10 Unidades HUESITOS",
    "description": "Huesitos Multipack 10 Unidades 10 x 20 Gr",
    "category": "Chocolatinas y bombones",
    "url": "https://tienda.consum.es/es/p/huesitos-multipack-10-unidades/373829",
    "price": 1.99,
    "reference_price": 9.95,
    "iva": 10,
    "reference_unit": "1 Kg",
    "date": "2023-01-17"
  },
  {
    "id": 4959,
    "name": "Kit Kat Pack de 3 NESTLE",
    "description": "Kit Kat Pack de 3 3 x 41,5 Gr",
    "category": "Chocolatinas y bombones",
    "url": "https://tienda.consum.es/es/p/kit-kat-pack-de-3/373902",
    "price": 1.59,
    "reference_price": 12.77,
    "iva": 10,
    "reference_unit": "1 Kg",
    "date": "2023-01-17"
  },
  {
    "id": 4961,
    "name": "Aceite de Oliva 0,4º Botella CARBONELL",
    "description": "Aceite de Oliva 0,4º Botella 1 L",
    "category": "Aceite de oliva 0, 4 y 1º",
    "url": "https://tienda.consum.es/es/p/aceite-de-oliva-04-botella/379271",
    "price": 6.63,
    "reference_price": 6.63,
    "iva": 5,
    "reference_unit": "1 L",
    "date": "2023-01-17"
  },
  {
    "id": 4962,
    "name": "Bombones Caja Roja NESTLE",
    "description": "Bombones Caja Roja 200 Gr",
    "category": "Chocolatinas y bombones",
    "url": "https://tienda.consum.es/es/p/bombones-caja-roja/380212",
    "price": 5.25,
    "reference_price": 26.25,
    "iva": 10,
    "reference_unit": "1 Kg",
    "date": "2023-01-17"
  },
  {
    "id": 4964,
    "name": "Tarrito 3 Frutas HERO",
    "description": "Tarrito 3 Frutas 235 Gr",
    "category": "Alimentación infantil",
    "url": "https://tienda.consum.es/es/p/tarrito-3-frutas/384693",
    "price": 1.29,
    "reference_price": 5.49,
    "iva": 10,
    "reference_unit": "1 Kg",
    "date": "2023-01-17"
  },
  {
    "id": 4968,
    "name": "Kinder Bueno KINDER",
    "description": "Kinder Bueno 43 Gr",
    "category": "Chocolatinas y bombones",
    "url": "https://tienda.consum.es/es/p/kinder-bueno/391151",
    "price": 1.15,
    "reference_price": 2.67,
    "iva": 10,
    "reference_unit": "100 Gr",
    "date": "2023-01-17"
  },
  {
    "id": 4969,
    "name": "Gran Cremant Semi Seco D.O.Cava DUBOIS",
    "description": "Gran Cremant Semi Seco D.O.Cava 0,75 L",
    "category": "Cavas y sidras",
    "url": "https://tienda.consum.es/es/p/gran-cremant-semi-seco-docava/392209",
    "price": 2.55,
    "reference_price": 3.4,
    "iva": 21,
    "reference_unit": "1 L",
    "date": "2023-01-17"
  },
  {
    "id": 4972,
    "name": "Tarrito Lenguado con Bechamel HERO",
    "description": "Tarrito Lenguado con Bechamel 235 Gr",
    "category": "Alimentación infantil",
    "url": "https://tienda.consum.es/es/p/tarrito-lenguado-con-bechamel/396622",
    "price": 1.39,
    "reference_price": 5.91,
    "iva": 10,
    "reference_unit": "1 Kg",
    "date": "2023-01-17"
  },
  {
    "id": 4975,
    "name": "Tarrito Verduras con Pollo y Ternera HERO",
    "description": "Tarrito Verduras con Pollo y Ternera 235 Gr",
    "category": "Alimentación infantil",
    "url": "https://tienda.consum.es/es/p/tarrito-verduras-con-pollo-y-ternera/396671",
    "price": 1.39,
    "reference_price": 5.91,
    "iva": 10,
    "reference_unit": "1 Kg",
    "date": "2023-01-17"
  },
  {
    "id": 4977,
    "name": "Cerveza Holandesa Pack de 6 Botellas HEINEKEN",
    "description": "Cerveza Holandesa Pack de 6 Botellas 6 x 0,25 L",
    "category": "Importación botella",
    "url": "https://tienda.consum.es/es/p/cerveza-holandesa-pack-de-6-botellas/398321",
    "price": 3.99,
    "reference_price": 2.66,
    "iva": 21,
    "reference_unit": "1 L",
    "date": "2023-01-17"
  },
  {
    "id": 4979,
    "name": "Refresco Cola Light sin Cafeína Lata COCA-COLA",
    "description": "Refresco Cola Light sin Cafeína Lata 0,33 L",
    "category": "Cola",
    "url": "https://tienda.consum.es/es/p/refresco-cola-light-sin-cafeina-lata/401109",
    "price": 0.9,
    "reference_price": 2.73,
    "iva": 21,
    "reference_unit": "1 L",
    "date": "2023-01-17"
  },
  {
    "id": 4980,
    "name": "Detergente Líquido Prendas Delicadas PERLAN",
    "description": "Detergente Líquido Prendas Delicadas 25 Lv",
    "category": "Prendas delicadas",
    "url": "https://tienda.consum.es/es/p/detergente-liquido-prendas-delicadas/401356",
    "price": 2.49,
    "reference_price": 0.1,
    "iva": 21,
    "reference_unit": "1 Lv",
    "date": "2023-01-17"
  },
  {
    "id": 4984,
    "name": "Dentífrico Antisarro Blanqueador COLGATE",
    "description": "Dentífrico Antisarro Blanqueador 75 ml",
    "category": "Dentífricos",
    "url": "https://tienda.consum.es/es/p/dentifrico-antisarro-blanqueador/404277",
    "price": 1.99,
    "reference_price": 2.65,
    "iva": 21,
    "reference_unit": "100 ml",
    "date": "2023-01-17"
  },
  {
    "id": 4985,
    "name": "Protector Labial LIPOSAN",
    "description": "Protector Labial 1 U",
    "category": "Protector labial",
    "url": "https://tienda.consum.es/es/p/protector-labial/405076",
    "price": 2.5,
    "reference_price": 2.5,
    "iva": 21,
    "reference_unit": "1 U",
    "date": "2023-01-17"
  },
  {
    "id": 4987,
    "name": "Desodorante Roll-On Brisa MUM",
    "description": "Desodorante Roll-On Brisa 50 ml",
    "category": "Spray",
    "url": "https://tienda.consum.es/es/p/desodorante-roll-on-brisa/405845",
    "price": 2.3,
    "reference_price": 4.6,
    "iva": 21,
    "reference_unit": "100 ml",
    "date": "2023-01-17"
  },
  {
    "id": 4988,
    "name": "Rosquilletas VELARTE",
    "description": "Rosquilletas 90 Gr",
    "category": "Rosquilletas, picos y snacks",
    "url": "https://tienda.consum.es/es/p/rosquilletas/407114",
    "price": 1.09,
    "reference_price": 12.11,
    "iva": 10,
    "reference_unit": "1 Kg",
    "date": "2023-01-17"
  },
  {
    "id": 4989,
    "name": "Colonia Infantil NENUCO",
    "description": "Colonia Infantil 600 ml",
    "category": "Cremas, lociones y colonia",
    "url": "https://tienda.consum.es/es/p/colonia-infantil/410407",
    "price": 2.5,
    "reference_price": 0.42,
    "iva": 21,
    "reference_unit": "100 ml",
    "date": "2023-01-17"
  },
  {
    "id": 4990,
    "name": "Jabón Líquido Infantil NENUCO",
    "description": "Jabón Líquido Infantil 750 ml",
    "category": "Gel y champú",
    "url": "https://tienda.consum.es/es/p/jabon-liquido-infantil/410423",
    "price": 2.65,
    "reference_price": 0.35,
    "iva": 21,
    "reference_unit": "100 ml",
    "date": "2023-01-17"
  },
  {
    "id": 4994,
    "name": "Crema Revitalift Día Antiarrugas más Firmeza L'OREAL",
    "description": "Crema Revitalift Día Antiarrugas más Firmeza 50 ml",
    "category": "Hidratación",
    "url": "https://tienda.consum.es/es/p/crema-revitalift-dia-antiarrugas-mas-firmeza/413393",
    "price": 9.5,
    "reference_price": 19,
    "iva": 21,
    "reference_unit": "100 ml",
    "date": "2023-01-17"
  },
  {
    "id": 4997,
    "name": "Desodorante Spray Tacto Puro N.B. PALMOLIVE",
    "description": "Desodorante Spray Tacto Puro N.B. 200 ml",
    "category": "Spray",
    "url": "https://tienda.consum.es/es/p/desodorante-spray-tacto-puro-nb/414649",
    "price": 2.99,
    "reference_price": 1.5,
    "iva": 21,
    "reference_unit": "100 ml",
    "date": "2023-01-17"
  },
  {
    "id": 4998,
    "name": "Tarrito Zanahoria y Arroz con Caldo de Ave HERO",
    "description": "Tarrito Zanahoria y Arroz con Caldo de Ave 235 Gr",
    "category": "Alimentación infantil",
    "url": "https://tienda.consum.es/es/p/tarrito-zanahoria-y-arroz-con-caldo-de-ave/414870",
    "price": 1.39,
    "reference_price": 5.91,
    "iva": 10,
    "reference_unit": "1 Kg",
    "date": "2023-01-17"
  },
  {
    "id": 4999,
    "name": "Desodorante Roll-On Original Sensitive BYLY",
    "description": "Desodorante Roll-On Original Sensitive 50 ml",
    "category": "Roll on",
    "url": "https://tienda.consum.es/es/p/desodorante-roll-on-original-sensitive/415042",
    "price": 1.7,
    "reference_price": 3.4,
    "iva": 21,
    "reference_unit": "100 ml",
    "date": "2023-01-17"
  },
  {
    "id": 5001,
    "name": "Dentífrico Blanco Polar LICOR POLO",
    "description": "Dentífrico Blanco Polar 75 ml",
    "category": "Dentífricos",
    "url": "https://tienda.consum.es/es/p/dentifrico-blanco-polar/416610",
    "price": 1.85,
    "reference_price": 2.47,
    "iva": 21,
    "reference_unit": "100 ml",
    "date": "2023-01-17"
  },
  {
    "id": 5002,
    "name": "Dentífrico Antimanchas DENIVIT",
    "description": "Dentífrico Antimanchas 50 ml",
    "category": "Dentífricos",
    "url": "https://tienda.consum.es/es/p/dentifrico-antimanchas/416628",
    "price": 1.99,
    "reference_price": 3.98,
    "iva": 21,
    "reference_unit": "100 ml",
    "date": "2023-01-17"
  },
  {
    "id": 5006,
    "name": "Crema Revitalift Noche Antiarrugas más Firmeza L'OREAL",
    "description": "Crema Revitalift Noche Antiarrugas más Firmeza 50 ml",
    "category": "Hidratación",
    "url": "https://tienda.consum.es/es/p/crema-revitalift-noche-antiarrugas-mas-firmeza/417790",
    "price": 9.5,
    "reference_price": 19,
    "iva": 21,
    "reference_unit": "100 ml",
    "date": "2023-01-17"
  },
  {
    "id": 5008,
    "name": "Dentífrico Blanco Original KEMPHOR",
    "description": "Dentífrico Blanco Original 75 ml",
    "category": "Dentífricos",
    "url": "https://tienda.consum.es/es/p/dentifrico-blanco-original/418798",
    "price": 1.85,
    "reference_price": 2.47,
    "iva": 21,
    "reference_unit": "100 ml",
    "date": "2023-01-17"
  },
  {
    "id": 5011,
    "name": "Dentífrico Antiplaca BINACA",
    "description": "Dentífrico Antiplaca 75 ml",
    "category": "Dentífricos",
    "url": "https://tienda.consum.es/es/p/dentifrico-antiplaca/419044",
    "price": 1.5,
    "reference_price": 2,
    "iva": 21,
    "reference_unit": "100 ml",
    "date": "2023-01-17"
  },
  {
    "id": 5012,
    "name": "Lejía Multiusos CONEJO",
    "description": "Lejía Multiusos 2 L",
    "category": "Lejía normal y multiusos",
    "url": "https://tienda.consum.es/es/p/lejia-multiusos/419069",
    "price": 1.99,
    "reference_price": 1,
    "iva": 21,
    "reference_unit": "1 L",
    "date": "2023-01-17"
  },
  {
    "id": 5015,
    "name": "Crema Protectora Bebé Acción Rápida JOHNSON",
    "description": "Crema Protectora Bebé Acción Rápida 100 ml",
    "category": "Cremas, lociones y colonia",
    "url": "https://tienda.consum.es/es/p/crema-protectora-bebe-accion-rapida/421545",
    "price": 3.99,
    "reference_price": 3.99,
    "iva": 21,
    "reference_unit": "100 ml",
    "date": "2023-01-17"
  },
  {
    "id": 5017,
    "name": "Maquinilla Basculante Slalom Plus Desechable GILLETTE",
    "description": "Maquinilla Basculante Slalom Plus Desechable 5 U",
    "category": "Maquinillas de afeitar",
    "url": "https://tienda.consum.es/es/p/maquinilla-basculante-slalom-plus-desechable/423822",
    "price": 2.75,
    "reference_price": 0.55,
    "iva": 21,
    "reference_unit": "1 U",
    "date": "2023-01-17"
  },
  {
    "id": 5020,
    "name": "Leche Limpiadora Classic DIADERMINE",
    "description": "Leche Limpiadora Classic 200 ml",
    "category": "Limpieza y desmaquilladores",
    "url": "https://tienda.consum.es/es/p/leche-limpiadora-classic/425785",
    "price": 3.99,
    "reference_price": 2,
    "iva": 21,
    "reference_unit": "100 ml",
    "date": "2023-01-17"
  },
  {
    "id": 5021,
    "name": "Tónico Facial Classic DIADERMINE",
    "description": "Tónico Facial Classic 200 ml",
    "category": "Limpieza y desmaquilladores",
    "url": "https://tienda.consum.es/es/p/tonico-facial-classic/425793",
    "price": 3.99,
    "reference_price": 2,
    "iva": 21,
    "reference_unit": "100 ml",
    "date": "2023-01-17"
  },
  {
    "id": 5022,
    "name": "Contorno Ojos Revitalift Antiarrugas más Firmeza L'OREAL",
    "description": "Contorno Ojos Revitalift Antiarrugas más Firmeza 15 ml",
    "category": "Hidratación",
    "url": "https://tienda.consum.es/es/p/contorno-ojos-revitalift-antiarrugas-mas-firmeza/426809",
    "price": 9.95,
    "reference_price": 66.33,
    "iva": 21,
    "reference_unit": "100 ml",
    "date": "2023-01-17"
  },
  {
    "id": 5024,
    "name": "Desodorante Roll-On Tacto Puro N.B PALMOLIVE",
    "description": "Desodorante Roll-On Tacto Puro N.B 50 ml",
    "category": "Spray",
    "url": "https://tienda.consum.es/es/p/desodorante-roll-on-tacto-puro-nb/428136",
    "price": 1.99,
    "reference_price": 3.98,
    "iva": 21,
    "reference_unit": "100 ml",
    "date": "2023-01-17"
  },
  {
    "id": 5027,
    "name": "Desodorante en Crema sin Perfume BYLY",
    "description": "Desodorante en Crema sin Perfume 25 Gr",
    "category": "Crema y barra",
    "url": "https://tienda.consum.es/es/p/desodorante-en-crema-sin-perfume/437376",
    "price": 2.15,
    "reference_price": 8.6,
    "iva": 21,
    "reference_unit": "100 ml",
    "date": "2023-01-17"
  },
  {
    "id": 5030,
    "name": "Tinte Nº3 Castaño Oscuro EXCELLENCE",
    "description": "Tinte Nº3 Castaño Oscuro 1 U",
    "category": "Coloración",
    "url": "https://tienda.consum.es/es/p/tinte-n3-castano-oscuro/441139",
    "price": 7.9,
    "reference_price": 7.9,
    "iva": 21,
    "reference_unit": "1 U",
    "date": "2023-01-17"
  },
  {
    "id": 5031,
    "name": "Tinte Nº4 Castaño EXCELLENCE",
    "description": "Tinte Nº4 Castaño 1 U",
    "category": "Coloración",
    "url": "https://tienda.consum.es/es/p/tinte-n4-castano/441147",
    "price": 7.9,
    "reference_price": 7.9,
    "iva": 21,
    "reference_unit": "1 U",
    "date": "2023-01-17"
  },
  {
    "id": 5032,
    "name": "Tinte Nº5 Castaño Claro EXCELLENCE",
    "description": "Tinte Nº5 Castaño Claro 1 U",
    "category": "Coloración",
    "url": "https://tienda.consum.es/es/p/tinte-n5-castano-claro/441162",
    "price": 7.9,
    "reference_price": 7.9,
    "iva": 21,
    "reference_unit": "1 U",
    "date": "2023-01-17"
  },
  {
    "id": 5033,
    "name": "Tinte Nº6 Rubio Oscuro EXCELLENCE",
    "description": "Tinte Nº6 Rubio Oscuro 1 U",
    "category": "Coloración",
    "url": "https://tienda.consum.es/es/p/tinte-n6-rubio-oscuro/441188",
    "price": 7.9,
    "reference_price": 7.9,
    "iva": 21,
    "reference_unit": "1 U",
    "date": "2023-01-17"
  },
  {
    "id": 5034,
    "name": "Tinte Nº7 Rubio EXCELLENCE",
    "description": "Tinte Nº7 Rubio 1 U",
    "category": "Coloración",
    "url": "https://tienda.consum.es/es/p/tinte-n7-rubio/441204",
    "price": 7.9,
    "reference_price": 7.9,
    "iva": 21,
    "reference_unit": "1 U",
    "date": "2023-01-17"
  },
  {
    "id": 5035,
    "name": "Tinte Nº8 Rubio Claro EXCELLENCE",
    "description": "Tinte Nº8 Rubio Claro 1 U",
    "category": "Coloración",
    "url": "https://tienda.consum.es/es/p/tinte-n8-rubio-claro/441220",
    "price": 7.9,
    "reference_price": 7.9,
    "iva": 21,
    "reference_unit": "1 U",
    "date": "2023-01-17"
  },
  {
    "id": 5036,
    "name": "Tinte Nº7.1 Rubio Ceniza EXCELLENCE",
    "description": "Tinte Nº7.1 Rubio Ceniza 1 U",
    "category": "Coloración",
    "url": "https://tienda.consum.es/es/p/tinte-n71-rubio-ceniza/441345",
    "price": 7.9,
    "reference_price": 7.9,
    "iva": 21,
    "reference_unit": "1 U",
    "date": "2023-01-17"
  },
  {
    "id": 5037,
    "name": "Tinte Nº8.1 Claro Ceniza EXCELLENCE",
    "description": "Tinte Nº8.1 Claro Ceniza 1 U",
    "category": "Coloración",
    "url": "https://tienda.consum.es/es/p/tinte-n81-claro-ceniza/441360",
    "price": 7.9,
    "reference_price": 7.9,
    "iva": 21,
    "reference_unit": "1 U",
    "date": "2023-01-17"
  },
  {
    "id": 5038,
    "name": "Tinte Nº9 Rubio Claro EXCELLENCE",
    "description": "Tinte Nº9 Rubio Claro 1 U",
    "category": "Coloración",
    "url": "https://tienda.consum.es/es/p/tinte-n9-rubio-claro/441378",
    "price": 7.9,
    "reference_price": 7.9,
    "iva": 21,
    "reference_unit": "1 U",
    "date": "2023-01-17"
  },
  {
    "id": 5039,
    "name": "Tinte Nº9.1 Rubio Claro EXCELLENCE",
    "description": "Tinte Nº9.1 Rubio Claro 1 U",
    "category": "Coloración",
    "url": "https://tienda.consum.es/es/p/tinte-n91-rubio-claro/441394",
    "price": 7.9,
    "reference_price": 7.9,
    "iva": 21,
    "reference_unit": "1 U",
    "date": "2023-01-17"
  },
  {
    "id": 5040,
    "name": "Tinte N.7.3 Rubio Dorado EXCELLENCE",
    "description": "Tinte N.7.3 Rubio Dorado 1 U",
    "category": "Coloración",
    "url": "https://tienda.consum.es/es/p/tinte-n73-rubio-dorado/441402",
    "price": 7.9,
    "reference_price": 7.9,
    "iva": 21,
    "reference_unit": "1 U",
    "date": "2023-01-17"
  },
  {
    "id": 5041,
    "name": "Gazpacho Original ALVALLE",
    "description": "Gazpacho Original 1 L",
    "category": "Gazpacho",
    "url": "https://tienda.consum.es/es/p/gazpacho-original/441618",
    "price": 3.7,
    "reference_price": 3.7,
    "iva": 10,
    "reference_unit": "1 L",
    "date": "2023-01-17"
  },
  {
    "id": 5044,
    "name": "Crema Antiarrugas Q10 de Día NIVEA",
    "description": "Crema Antiarrugas Q10 de Día 50 ml",
    "category": "Hidratación",
    "url": "https://tienda.consum.es/es/p/crema-antiarrugas-q10-de-dia/442418",
    "price": 9.25,
    "reference_price": 18.5,
    "iva": 21,
    "reference_unit": "100 ml",
    "date": "2023-01-17"
  },
  {
    "id": 5045,
    "name": "Néctar Naranja Botella Pet GRANINI",
    "description": "Néctar Naranja Botella Pet 1 L",
    "category": "Zumos y néctares no refrigerados",
    "url": "https://tienda.consum.es/es/p/nectar-naranja-botella-pet/444554",
    "price": 2.69,
    "reference_price": 2.69,
    "iva": 21,
    "reference_unit": "1 L",
    "date": "2023-01-17"
  },
  {
    "id": 5046,
    "name": "Queso Rallado Filatto Bolsa EL CASERIO",
    "description": "Queso Rallado Filatto Bolsa 80 Gr",
    "category": "Quesos Rallados",
    "url": "https://tienda.consum.es/es/p/queso-rallado-filatto-bolsa/445957",
    "price": 1.34,
    "reference_price": 16.75,
    "iva": 0,
    "reference_unit": "1 Kg",
    "date": "2023-01-17"
  },
  {
    "id": 5047,
    "name": "Desmaquillador de Ojos DIADERMINE",
    "description": "Desmaquillador de Ojos 125 ml",
    "category": "Limpieza y desmaquilladores",
    "url": "https://tienda.consum.es/es/p/desmaquillador-de-ojos/446294",
    "price": 3.99,
    "reference_price": 3.19,
    "iva": 21,
    "reference_unit": "100 ml",
    "date": "2023-01-17"
  },
  {
    "id": 5048,
    "name": "Dentífrico Anticaries SIGNAL",
    "description": "Dentífrico Anticaries 75 ml",
    "category": "Dentífricos",
    "url": "https://tienda.consum.es/es/p/dentifrico-anticaries/448118",
    "price": 1.55,
    "reference_price": 2.07,
    "iva": 21,
    "reference_unit": "100 ml",
    "date": "2023-01-17"
  },
  {
    "id": 5050,
    "name": "Dentífrico Clorofíla LICOR POLO",
    "description": "Dentífrico Clorofíla 75 ml",
    "category": "Dentífricos",
    "url": "https://tienda.consum.es/es/p/dentifrico-clorofila/448431",
    "price": 1.85,
    "reference_price": 2.47,
    "iva": 21,
    "reference_unit": "100 ml",
    "date": "2023-01-17"
  },
  {
    "id": 5052,
    "name": "Cera Suelos ASEVI",
    "description": "Cera Suelos 1 L",
    "category": "Cera suelos",
    "url": "https://tienda.consum.es/es/p/cera-suelos/448852",
    "price": 2.19,
    "reference_price": 2.19,
    "iva": 21,
    "reference_unit": "1 L",
    "date": "2023-01-17"
  },
  {
    "id": 5053,
    "name": "Barra de Afeitar Piel Normal LA TOJA",
    "description": "Barra de Afeitar Piel Normal 50 Gr",
    "category": "Crema de afeitado",
    "url": "https://tienda.consum.es/es/p/barra-de-afeitar-piel-normal/451104",
    "price": 2.29,
    "reference_price": 45.8,
    "iva": 21,
    "reference_unit": "1 Kg",
    "date": "2023-01-17"
  },
  {
    "id": 5055,
    "name": "Aperitivo Frito Pandilla Sabor Queso CHEETOS",
    "description": "Aperitivo Frito Pandilla Sabor Queso 75 Gr",
    "category": "Snacks y otros aperitivos",
    "url": "https://tienda.consum.es/es/p/aperitivo-frito-pandilla-sabor-queso/455873",
    "price": 1.79,
    "reference_price": 23.87,
    "iva": 10,
    "reference_unit": "1 Kg",
    "date": "2023-01-17"
  },
  {
    "id": 5058,
    "name": "Bastoncillos JOHNSON",
    "description": "Bastoncillos 100 U",
    "category": "Complementos higiene",
    "url": "https://tienda.consum.es/es/p/bastoncillos/461210",
    "price": 1.99,
    "reference_price": 0.02,
    "iva": 21,
    "reference_unit": "1 U",
    "date": "2023-01-17"
  },
  {
    "id": 5060,
    "name": "Tampones Digital Super OB",
    "description": "Tampones Digital Super 32 U",
    "category": "Tampones",
    "url": "https://tienda.consum.es/es/p/tampones-digital-super/464560",
    "price": 5.38,
    "reference_price": 0.17,
    "iva": 4,
    "reference_unit": "1 U",
    "date": "2023-01-17"
  },
  {
    "id": 5062,
    "name": "Vino Tinto Crianza D.O.Cariñena MONAST.VIÑAS",
    "description": "Vino Tinto Crianza D.O.Cariñena 0,75 L",
    "category": "Vinos d.o",
    "url": "https://tienda.consum.es/es/p/vino-tinto-crianza-docarinena/465021",
    "price": 3.99,
    "reference_price": 5.32,
    "iva": 21,
    "reference_unit": "1 L",
    "date": "2023-01-17"
  },
  {
    "id": 5063,
    "name": "Cerveza Botella Cristal Pack-6 MAHOU CLASIC",
    "description": "Cerveza Botella Cristal Pack-6 6 x 0,25 L",
    "category": "Nacional botella",
    "url": "https://tienda.consum.es/es/p/cerveza-botella-cristal-pack-6/465690",
    "price": 3.39,
    "reference_price": 2.26,
    "iva": 21,
    "reference_unit": "1 L",
    "date": "2023-01-17"
  },
  {
    "id": 5064,
    "name": "Cerveza Lata 5 Estrellas MAHOU",
    "description": "Cerveza Lata 5 Estrellas 0,33 L",
    "category": "Nacional lata",
    "url": "https://tienda.consum.es/es/p/cerveza-lata-5-estrellas/465708",
    "price": 0.74,
    "reference_price": 2.24,
    "iva": 21,
    "reference_unit": "1 L",
    "date": "2023-01-17"
  },
  {
    "id": 5065,
    "name": "Cerveza Botella Cristal MAHOU CLASIC",
    "description": "Cerveza Botella Cristal 1 L",
    "category": "Nacional botella",
    "url": "https://tienda.consum.es/es/p/cerveza-botella-cristal/465716",
    "price": 1.75,
    "reference_price": 1.75,
    "iva": 21,
    "reference_unit": "1 L",
    "date": "2023-01-17"
  },
  {
    "id": 5066,
    "name": "Cerveza Americana Lata BUDWEISER",
    "description": "Cerveza Americana Lata 0,33 L",
    "category": "Importación lata",
    "url": "https://tienda.consum.es/es/p/cerveza-americana-lata/465740",
    "price": 0.76,
    "reference_price": 2.3,
    "iva": 21,
    "reference_unit": "1 L",
    "date": "2023-01-17"
  },
  {
    "id": 5074,
    "name": "Batido de Cacao Botella CACAOLAT",
    "description": "Batido de Cacao Botella 1 L",
    "category": "Batidos y cafés",
    "url": "https://tienda.consum.es/es/p/batido-de-cacao-botella/479055",
    "price": 2.4,
    "reference_price": 2.4,
    "iva": 10,
    "reference_unit": "1 L",
    "date": "2023-01-17"
  },
  {
    "id": 5075,
    "name": "Vaselina Blister GAL",
    "description": "Vaselina Blister 13 ml",
    "category": "Otros",
    "url": "https://tienda.consum.es/es/p/vaselina-blister/479188",
    "price": 2.25,
    "reference_price": 17.31,
    "iva": 21,
    "reference_unit": "100 ml",
    "date": "2023-01-17"
  },
  {
    "id": 5078,
    "name": "Caldo de Pollo Deshidratado24Pastillas AVECREM",
    "description": "Caldo de Pollo Deshidratado24Pastillas 240 Gr",
    "category": "Concentrado y pastillas",
    "url": "https://tienda.consum.es/es/p/caldo-de-pollo-deshidratado24pastillas/485300",
    "price": 2.89,
    "reference_price": 12.04,
    "iva": 10,
    "reference_unit": "1 Kg",
    "date": "2023-01-17"
  },
  {
    "id": 5079,
    "name": "Antical Pastillas CALGON",
    "description": "Antical Pastillas 15 U",
    "category": "Aditivos y complementos",
    "url": "https://tienda.consum.es/es/p/antical-pastillas/485565",
    "price": 7.99,
    "reference_price": 0.53,
    "iva": 21,
    "reference_unit": "1 U",
    "date": "2023-01-17"
  },
  {
    "id": 5080,
    "name": "Chocolate 70% Cacao Excellence LINDT",
    "description": "Chocolate 70% Cacao Excellence 100 Gr",
    "category": "Tabletas",
    "url": "https://tienda.consum.es/es/p/chocolate-70-cacao-excellence/487595",
    "price": 2.65,
    "reference_price": 26.5,
    "iva": 10,
    "reference_unit": "1 Kg",
    "date": "2023-01-17"
  },
  {
    "id": 5081,
    "name": "Mandarina Granel ",
    "description": "Mandarina Granel",
    "category": "Cítricos",
    "url": "https://tienda.consum.es/es/p/mandarina-granel/489831",
    "price": 0.24,
    "reference_price": 1.91,
    "iva": 0,
    "reference_unit": "1 Kg",
    "date": "2023-01-17"
  },
  {
    "id": 5083,
    "name": "Pizza 4 Quesos TARRADELLAS",
    "description": "Pizza 4 Quesos 390 Gr",
    "category": "Pizza refrigerada",
    "url": "https://tienda.consum.es/es/p/pizza-4-quesos/500652",
    "price": 3.29,
    "reference_price": 8.44,
    "iva": 10,
    "reference_unit": "1 Kg",
    "date": "2023-01-17"
  },
  {
    "id": 5084,
    "name": "Vino Tinto Crianza D.O.Rioja LAGUNILLA",
    "description": "Vino Tinto Crianza D.O.Rioja 0,75 L",
    "category": "Vinos d.o",
    "url": "https://tienda.consum.es/es/p/vino-tinto-crianza-dorioja/502963",
    "price": 7.49,
    "reference_price": 9.99,
    "iva": 21,
    "reference_unit": "1 L",
    "date": "2023-01-17"
  },
  {
    "id": 5085,
    "name": "Pizza Jamón y Queso. TARRADELLAS",
    "description": "Pizza Jamón y Queso. 405 Gr",
    "category": "Pizza refrigerada",
    "url": "https://tienda.consum.es/es/p/pizza-jamon-y-queso/505552",
    "price": 3.19,
    "reference_price": 7.88,
    "iva": 10,
    "reference_unit": "1 Kg",
    "date": "2023-01-17"
  },
  {
    "id": 5093,
    "name": "Tortitas de Arroz Integral Paquete BICENTURY",
    "description": "Tortitas de Arroz Integral Paquete 130 Gr",
    "category": "Tortitas",
    "url": "https://tienda.consum.es/es/p/tortitas-de-arroz-integral-paquete/551606",
    "price": 1.49,
    "reference_price": 11.46,
    "iva": 10,
    "reference_unit": "1 Kg",
    "date": "2023-01-17"
  },
  {
    "id": 5094,
    "name": "Nata Líquida Cocinar Espesa Botellín PRESIDENT",
    "description": "Nata Líquida Cocinar Espesa Botellín 250 ml",
    "category": "Nata para cocinar",
    "url": "https://tienda.consum.es/es/p/nata-liquida-cocinar-espesa-botellin/553768",
    "price": 2.1,
    "reference_price": 8.4,
    "iva": 10,
    "reference_unit": "1 L",
    "date": "2023-01-17"
  },
  {
    "id": 5095,
    "name": "Mini Tostas Normal ORTIZ",
    "description": "Mini Tostas Normal 100 Gr",
    "category": "Tostadas y minibiscotes",
    "url": "https://tienda.consum.es/es/p/mini-tostas-normal/570812",
    "price": 1.99,
    "reference_price": 19.9,
    "iva": 10,
    "reference_unit": "1 Kg",
    "date": "2023-01-17"
  },
  {
    "id": 5096,
    "name": "Confitura Diet Arándano y Frambuesa HERO",
    "description": "Confitura Diet Arándano y Frambuesa 280 Gr",
    "category": "Mermeladas y confituras",
    "url": "https://tienda.consum.es/es/p/confitura-diet-arandano-y-frambuesa/575431",
    "price": 2.5,
    "reference_price": 8.93,
    "iva": 10,
    "reference_unit": "1 Kg",
    "date": "2023-01-17"
  },
  {
    "id": 5097,
    "name": "Mini Tostas Integrales ORTIZ",
    "description": "Mini Tostas Integrales 100 Gr",
    "category": "Tostadas y minibiscotes",
    "url": "https://tienda.consum.es/es/p/mini-tostas-integrales/575803",
    "price": 1.99,
    "reference_price": 19.9,
    "iva": 10,
    "reference_unit": "1 Kg",
    "date": "2023-01-17"
  },
  {
    "id": 5098,
    "name": "Pan Maxi Burger 4 Unidades BIMBO",
    "description": "Pan Maxi Burger 4 Unidades 300 Gr",
    "category": "Pan de hamburguesa, hot dog y wraps",
    "url": "https://tienda.consum.es/es/p/pan-maxi-burger-4-unidades/575837",
    "price": 2.29,
    "reference_price": 7.63,
    "iva": 10,
    "reference_unit": "1 Kg",
    "date": "2023-01-17"
  },
  {
    "id": 5099,
    "name": "Cacao en Polvo VALOR",
    "description": "Cacao en Polvo 500 Gr",
    "category": "Cacao soluble",
    "url": "https://tienda.consum.es/es/p/cacao-en-polvo/583096",
    "price": 2.85,
    "reference_price": 5.7,
    "iva": 10,
    "reference_unit": "1 Kg",
    "date": "2023-01-17"
  },
  {
    "id": 5100,
    "name": "Leche Calcio Semidesnatada Brik PULEVA",
    "description": "Leche Calcio Semidesnatada Brik 1 L",
    "category": "Leche con calcio",
    "url": "https://tienda.consum.es/es/p/leche-calcio-semidesnatada-brik/584482",
    "price": 1.43,
    "reference_price": 1.43,
    "iva": 0,
    "reference_unit": "1 L",
    "date": "2023-01-17"
  },
  {
    "id": 5101,
    "name": "Batido de Vainilla Botella CHOLECK",
    "description": "Batido de Vainilla Botella 1 L",
    "category": "Batidos y cafés",
    "url": "https://tienda.consum.es/es/p/batido-de-vainilla-botella/591610",
    "price": 1.79,
    "reference_price": 1.79,
    "iva": 10,
    "reference_unit": "1 L",
    "date": "2023-01-17"
  },
  {
    "id": 5102,
    "name": "Horchata Botella CHUFI",
    "description": "Horchata Botella 1 L",
    "category": "Horchatas",
    "url": "https://tienda.consum.es/es/p/horchata-botella/591636",
    "price": 1.89,
    "reference_price": 1.89,
    "iva": 10,
    "reference_unit": "1 L",
    "date": "2023-01-17"
  },
  {
    "id": 5103,
    "name": "Refresco Té sin Azúcar Lata NESTEA",
    "description": "Refresco Té sin Azúcar Lata 0,33 L",
    "category": "Té",
    "url": "https://tienda.consum.es/es/p/refresco-te-sin-azucar-lata/591750",
    "price": 0.79,
    "reference_price": 2.39,
    "iva": 21,
    "reference_unit": "1 L",
    "date": "2023-01-17"
  },
  {
    "id": 5104,
    "name": "Batido de Cacao Botella CHOLECK",
    "description": "Batido de Cacao Botella 1 L",
    "category": "Batidos y cafés",
    "url": "https://tienda.consum.es/es/p/batido-de-cacao-botella/596601",
    "price": 1.79,
    "reference_price": 1.79,
    "iva": 10,
    "reference_unit": "1 L",
    "date": "2023-01-17"
  },
  {
    "id": 5105,
    "name": "Gelatina Neutra ROYAL",
    "description": "Gelatina Neutra 20 Gr",
    "category": "Repostería para preparar",
    "url": "https://tienda.consum.es/es/p/gelatina-neutra/597518",
    "price": 2.25,
    "reference_price": 11.25,
    "iva": 10,
    "reference_unit": "100 Gr",
    "date": "2023-01-17"
  },
  {
    "id": 5107,
    "name": "Filetes Pechuga de Pollo CONSUM",
    "description": "Filetes Pechuga de Pollo",
    "category": "Aves y conejo",
    "url": "https://tienda.consum.es/es/p/filetes-pechuga-de-pollo/601609",
    "price": 4.08,
    "reference_price": 8.15,
    "iva": 10,
    "reference_unit": "1 Kg",
    "date": "2023-01-17"
  },
  {
    "id": 5108,
    "name": "Desodorante Roll-On Men Dry Impact NIVEA",
    "description": "Desodorante Roll-On Men Dry Impact 50 ml",
    "category": "Roll on",
    "url": "https://tienda.consum.es/es/p/desodorante-roll-on-men-dry-impact/612440",
    "price": 2.15,
    "reference_price": 4.3,
    "iva": 21,
    "reference_unit": "100 ml",
    "date": "2023-01-17"
  },
  {
    "id": 5109,
    "name": "Filtros para Cafetera 1x4 MELITTA",
    "description": "Filtros para Cafetera 1x4 40 U",
    "category": "Desechables",
    "url": "https://tienda.consum.es/es/p/filtros-para-cafetera-1x4/612572",
    "price": 2.29,
    "reference_price": 0.06,
    "iva": 21,
    "reference_unit": "1 U",
    "date": "2023-01-17"
  },
  {
    "id": 5110,
    "name": "Desodorante Roll-On Dry Comfort NIVEA",
    "description": "Desodorante Roll-On Dry Comfort 50 ml",
    "category": "Roll on",
    "url": "https://tienda.consum.es/es/p/desodorante-roll-on-dry-comfort/617464",
    "price": 2.25,
    "reference_price": 4.5,
    "iva": 21,
    "reference_unit": "100 ml",
    "date": "2023-01-17"
  },
  {
    "id": 5115,
    "name": "Arroz Redondo Extra D.O. Valencia Paquete DACSA",
    "description": "Arroz Redondo Extra D.O. Valencia Paquete 1 Kg",
    "category": "Arroz",
    "url": "https://tienda.consum.es/es/p/arroz-redondo-extra-do-valencia-paquete/654459",
    "price": 1.59,
    "reference_price": 1.59,
    "iva": 0,
    "reference_unit": "1 Kg",
    "date": "2023-01-17"
  },
  {
    "id": 5116,
    "name": "Caramelos con Palo Bolsa 10 Unidades CHUPA-CHUPS",
    "description": "Caramelos con Palo Bolsa 10 Unidades 120 Gr",
    "category": "Chicles, caramelos y gominolas",
    "url": "https://tienda.consum.es/es/p/caramelos-con-palo-bolsa-10-unidades/682716",
    "price": 1.6,
    "reference_price": 13.33,
    "iva": 10,
    "reference_unit": "1 Kg",
    "date": "2023-01-17"
  },
  {
    "id": 5117,
    "name": "Caramelos Toffe WERTHERS",
    "description": "Caramelos Toffe 135 Gr",
    "category": "Chicles, caramelos y gominolas",
    "url": "https://tienda.consum.es/es/p/caramelos-toffe/682823",
    "price": 1.52,
    "reference_price": 11.26,
    "iva": 10,
    "reference_unit": "1 Kg",
    "date": "2023-01-17"
  },
  {
    "id": 5118,
    "name": "Tinte Nº6.6 Caoba Rojo LLONGUERAS",
    "description": "Tinte Nº6.6 Caoba Rojo 1 U",
    "category": "Coloración",
    "url": "https://tienda.consum.es/es/p/tinte-n66-caoba-rojo/684829",
    "price": 6.59,
    "reference_price": 6.59,
    "iva": 21,
    "reference_unit": "1 U",
    "date": "2023-01-17"
  },
  {
    "id": 8805,
    "name": "Jamón Cocido Extra Finas Lonchas FERRARINI",
    "description": "Jamón Cocido Extra Finas Lonchas 100 Gr",
    "category": "Jamón cocido - york",
    "url": "https://tienda.consum.es/es/p/jamon-cocido-extra-finas-lonchas/7101368",
    "price": 2.95,
    "reference_price": 29.5,
    "iva": 10,
    "reference_unit": "1 Kg",
    "date": "2023-01-17"
  },
  {
    "id": 8806,
    "name": "Migas de Bacalao CONSUM",
    "description": "Migas de Bacalao 100 Gr",
    "category": "Ahumados",
    "url": "https://tienda.consum.es/es/p/migas-de-bacalao/7101744",
    "price": 3,
    "reference_price": 30,
    "iva": 10,
    "reference_unit": "1 Kg",
    "date": "2023-01-17"
  },
  {
    "id": 8807,
    "name": "Chopped Pork CAMPOFRÍO",
    "description": "Chopped Pork 105 Gr",
    "category": "Mortadela y chopped",
    "url": "https://tienda.consum.es/es/p/chopped-pork/7101822",
    "price": 1,
    "reference_price": 9.52,
    "iva": 10,
    "reference_unit": "1 Kg",
    "date": "2023-01-17"
  },
  {
    "id": 8813,
    "name": "Queso Tierno Mezcla Lonchas G.BAQUERO",
    "description": "Queso Tierno Mezcla Lonchas 150 Gr",
    "category": "Barra y otros nacionales",
    "url": "https://tienda.consum.es/es/p/queso-tierno-mezcla-lonchas/7102882",
    "price": 2.3,
    "reference_price": 15.33,
    "iva": 0,
    "reference_unit": "1 Kg",
    "date": "2023-01-17"
  },
  {
    "id": 8814,
    "name": "Queso Cabra Semi Lonchas G.BAQUERO",
    "description": "Queso Cabra Semi Lonchas 125 Gr",
    "category": "Barra y otros nacionales",
    "url": "https://tienda.consum.es/es/p/queso-cabra-semi-lonchas/7102903",
    "price": 2.68,
    "reference_price": 21.44,
    "iva": 0,
    "reference_unit": "1 Kg",
    "date": "2023-01-17"
  },
  {
    "id": 8823,
    "name": "Queso Rallado Mozzarella Bolsa ARLA",
    "description": "Queso Rallado Mozzarella Bolsa 150 Gr",
    "category": "Quesos Rallados",
    "url": "https://tienda.consum.es/es/p/queso-rallado-mozzarella-bolsa/7109937",
    "price": 3.07,
    "reference_price": 20.47,
    "iva": 0,
    "reference_unit": "1 Kg",
    "date": "2023-01-17"
  },
  {
    "id": 8826,
    "name": "Néctar Piña Disfruta sin Azúcar Añadido Pack DON SIMON",
    "description": "Néctar Piña Disfruta sin Azúcar Añadido Pack 6 x 200 ml",
    "category": "Zumos y néctares sin azúcar",
    "url": "https://tienda.consum.es/es/p/nectar-pina-disfruta-sin-azucar-anadido-pack/7119121",
    "price": 1.89,
    "reference_price": 1.58,
    "iva": 21,
    "reference_unit": "1 L",
    "date": "2023-01-17"
  },
  {
    "id": 8827,
    "name": "Menestra de la Huerta congelada FINDUS",
    "description": "Menestra de la Huerta congelada 750 Gr",
    "category": "Menestras y ensaladillas",
    "url": "https://tienda.consum.es/es/p/menestra-de-la-huerta-congelada/7119209",
    "price": 4.47,
    "reference_price": 5.96,
    "iva": 0,
    "reference_unit": "1 Kg",
    "date": "2023-01-17"
  },
  {
    "id": 8828,
    "name": "Zanahorias Baby congeladas FINDUS",
    "description": "Zanahorias Baby congeladas 300 Gr",
    "category": "Otras verduras",
    "url": "https://tienda.consum.es/es/p/zanahorias-baby-congeladas/7119266",
    "price": 2.68,
    "reference_price": 8.93,
    "iva": 0,
    "reference_unit": "1 Kg",
    "date": "2023-01-17"
  },
  {
    "id": 8829,
    "name": "Calamar Salsa Americana Pack de 3 CALVO",
    "description": "Calamar Salsa Americana Pack de 3 3 x 48 Gr",
    "category": "Calamares y chipirones",
    "url": "https://tienda.consum.es/es/p/calamar-salsa-americana-pack-de-3/7120025",
    "price": 2.89,
    "reference_price": 20.07,
    "iva": 10,
    "reference_unit": "1 Kg",
    "date": "2023-01-17"
  },
  {
    "id": 8830,
    "name": "Body Milk Lactourea Pieles Deshidratadas LACTOVIT",
    "description": "Body Milk Lactourea Pieles Deshidratadas 400 ml",
    "category": "Body-lociones",
    "url": "https://tienda.consum.es/es/p/body-milk-lactourea-pieles-deshidratadas/7120066",
    "price": 4.49,
    "reference_price": 1.12,
    "iva": 21,
    "reference_unit": "100 ml",
    "date": "2023-01-17"
  },
  {
    "id": 8836,
    "name": "Parmigiano Reggiano Cuña FERRARINI",
    "description": "Parmigiano Reggiano Cuña 180 Gr",
    "category": "Quesos de importación",
    "url": "https://tienda.consum.es/es/p/parmigiano-reggiano-cuna/7121601",
    "price": 4.18,
    "reference_price": 23.22,
    "iva": 0,
    "reference_unit": "1 Kg",
    "date": "2023-01-17"
  },
  {
    "id": 8837,
    "name": "Tomate Kumato Mini Bandeja ",
    "description": "Tomate Kumato Mini Bandeja 250 Gr",
    "category": "Pepinos, tomates y pimientos",
    "url": "https://tienda.consum.es/es/p/tomate-kumato-mini-bandeja/7131373",
    "price": 1.43,
    "reference_price": 5.72,
    "iva": 0,
    "reference_unit": "1 Kg",
    "date": "2023-01-17"
  },
  {
    "id": 8838,
    "name": "Chorizo y Salchichón de Pavo GOIKOA",
    "description": "Chorizo y Salchichón de Pavo 2 x 75 Gr",
    "category": "Curado",
    "url": "https://tienda.consum.es/es/p/chorizo-y-salchichon-de-pavo/7139996",
    "price": 2.89,
    "reference_price": 19.27,
    "iva": 10,
    "reference_unit": "1 Kg",
    "date": "2023-01-17"
  },
  {
    "id": 8839,
    "name": "Bayeta Suave Multiusos 2 más 1 de Regalo VILEDA",
    "description": "Bayeta Suave Multiusos 2 más 1 de Regalo 3 U",
    "category": "Bayetas, gamuzas y plumeros",
    "url": "https://tienda.consum.es/es/p/bayeta-suave-multiusos-2-mas-1-de-regalo/7144165",
    "price": 1.99,
    "reference_price": 0.66,
    "iva": 21,
    "reference_unit": "1 U",
    "date": "2023-01-17"
  },
  {
    "id": 8845,
    "name": "Queso sin Lactosa Lonchas G.BAQUERO",
    "description": "Queso sin Lactosa Lonchas 150 Gr",
    "category": "Tiernos y light",
    "url": "https://tienda.consum.es/es/p/queso-sin-lactosa-lonchas/7152049",
    "price": 2.64,
    "reference_price": 17.6,
    "iva": 0,
    "reference_unit": "1 Kg",
    "date": "2023-01-17"
  },
  {
    "id": 8851,
    "name": "Paté Finas Hierbas Pack de 2 Unidades LA CUINA",
    "description": "Paté Finas Hierbas Pack de 2 Unidades 2 x 50 Gr",
    "category": "Foie y patés ",
    "url": "https://tienda.consum.es/es/p/pate-finas-hierbas-pack-de-2-unidades/7155018",
    "price": 1.39,
    "reference_price": 13.9,
    "iva": 10,
    "reference_unit": "1 Kg",
    "date": "2023-01-17"
  },
  {
    "id": 8858,
    "name": "Lima Esmeril 12 cm KYREY",
    "description": "Lima Esmeril 12 cm 10 U",
    "category": "Manicura y pedicura",
    "url": "https://tienda.consum.es/es/p/lima-esmeril-12-cm/7156693",
    "price": 1.2,
    "reference_price": 0.12,
    "iva": 21,
    "reference_unit": "1 U",
    "date": "2023-01-17"
  },
  {
    "id": 8859,
    "name": "Lima Esmeril 17 cm KYREY",
    "description": "Lima Esmeril 17 cm 10 U",
    "category": "Manicura y pedicura",
    "url": "https://tienda.consum.es/es/p/lima-esmeril-17-cm/7156698",
    "price": 1.3,
    "reference_price": 0.13,
    "iva": 21,
    "reference_unit": "1 U",
    "date": "2023-01-17"
  },
  {
    "id": 8865,
    "name": "Comida Seca Gatos Esterilizados y Hairball ULTIMA CAT",
    "description": "Comida Seca Gatos Esterilizados y Hairball 1,5 Kg",
    "category": "Seco",
    "url": "https://tienda.consum.es/es/p/comida-seca-gatos-esterilizados-y-hairball/7157022",
    "price": 9.95,
    "reference_price": 6.63,
    "iva": 10,
    "reference_unit": "1 Kg",
    "date": "2023-01-17"
  },
  {
    "id": 8870,
    "name": "Comida Gatos Esterilizados BREKKIES",
    "description": "Comida Gatos Esterilizados 1,5 Kg",
    "category": "Seco",
    "url": "https://tienda.consum.es/es/p/comida-gatos-esterilizados/7159973",
    "price": 5.45,
    "reference_price": 3.63,
    "iva": 10,
    "reference_unit": "1 Kg",
    "date": "2023-01-17"
  },
  {
    "id": 8876,
    "name": "Body Milk con Urea KYREY",
    "description": "Body Milk con Urea 400 ml",
    "category": "Body-lociones",
    "url": "https://tienda.consum.es/es/p/body-milk-con-urea/7163319",
    "price": 1.85,
    "reference_price": 0.46,
    "iva": 21,
    "reference_unit": "100 ml",
    "date": "2023-01-17"
  },
  {
    "id": 8884,
    "name": "Néctar de Frutas Pack de 6 CONSUM KIDS",
    "description": "Néctar de Frutas Pack de 6 6 x 200 ml",
    "category": "Zumos y néctares sin azúcar",
    "url": "https://tienda.consum.es/es/p/nectar-de-frutas-pack-de-6/7168958",
    "price": 1.5,
    "reference_price": 1.25,
    "iva": 21,
    "reference_unit": "1 L",
    "date": "2023-01-17"
  },
  {
    "id": 8885,
    "name": "Cebolla dulce Malla ",
    "description": "Cebolla dulce Malla 500 Gr",
    "category": "Patatas, cebollas y ajos",
    "url": "https://tienda.consum.es/es/p/cebolla-dulce-malla/7169324",
    "price": 1.91,
    "reference_price": 3.82,
    "iva": 0,
    "reference_unit": "1 Kg",
    "date": "2023-01-17"
  },
  {
    "id": 8886,
    "name": "Estropajos Almohadilla No Raya CONSUM",
    "description": "Estropajos Almohadilla No Raya 2 U",
    "category": "Estropajos",
    "url": "https://tienda.consum.es/es/p/estropajos-almohadilla-no-raya/7170421",
    "price": 0.65,
    "reference_price": 0.33,
    "iva": 21,
    "reference_unit": "1 U",
    "date": "2023-01-17"
  },
  {
    "id": 8888,
    "name": "Pepino Holandes Peso Aproximado 250 gr ",
    "description": "Pepino Holandes Peso Aproximado 250 gr 0,2 Kg",
    "category": "Pepinos, tomates y pimientos",
    "url": "https://tienda.consum.es/es/p/pepino-holandes-peso-aproximado-250-gr/7171804",
    "price": 0.76,
    "reference_price": 3.8,
    "iva": 0,
    "reference_unit": "1 Kg",
    "date": "2023-01-17"
  },
  {
    "id": 8895,
    "name": "Caldo Pescado 12 Pastillas CONSUM",
    "description": "Caldo Pescado 12 Pastillas 120 Gr",
    "category": "Concentrado y pastillas",
    "url": "https://tienda.consum.es/es/p/caldo-pescado-12-pastillas/7178718",
    "price": 0.7,
    "reference_price": 5.83,
    "iva": 10,
    "reference_unit": "1 Kg",
    "date": "2023-01-17"
  },
  {
    "id": 8896,
    "name": "Sopa Jardinera Sobre CONSUM",
    "description": "Sopa Jardinera Sobre 66 Gr",
    "category": "En sobre",
    "url": "https://tienda.consum.es/es/p/sopa-jardinera-sobre/7178726",
    "price": 0.39,
    "reference_price": 5.91,
    "iva": 10,
    "reference_unit": "1 Kg",
    "date": "2023-01-17"
  },
  {
    "id": 8897,
    "name": "Recambio Mopa Microfibra 100% SPONTEX",
    "description": "Recambio Mopa Microfibra 100% 1 U",
    "category": "Mopas",
    "url": "https://tienda.consum.es/es/p/recambio-mopa-microfibra-100/7178762",
    "price": 5.59,
    "reference_price": 5.59,
    "iva": 21,
    "reference_unit": "1 U",
    "date": "2023-01-17"
  },
  {
    "id": 8898,
    "name": "Desatascador Tuberias Bloqueadas WC NET",
    "description": "Desatascador Tuberias Bloqueadas 1 L",
    "category": "Limpieza hogar",
    "url": "https://tienda.consum.es/es/p/desatascador-tuberias-bloqueadas/7179232",
    "price": 5.99,
    "reference_price": 5.99,
    "iva": 21,
    "reference_unit": "1 L",
    "date": "2023-01-17"
  },
  {
    "id": 8901,
    "name": "Palo Extensible de 80 a 1.50 cm CONSUM",
    "description": "Palo Extensible de 80 a 1.50 cm 1 U",
    "category": "Fregonas",
    "url": "https://tienda.consum.es/es/p/palo-extensible-de-80-a-150-cm/7179385",
    "price": 1.8,
    "reference_price": 1.8,
    "iva": 21,
    "reference_unit": "1 U",
    "date": "2023-01-17"
  },
  {
    "id": 8908,
    "name": "Bolsas Basura Autocierre Resistente Antibacterias HANDY BAG",
    "description": "Bolsas Basura Autocierre Resistente Antibacterias 15 U",
    "category": "Bolsas y sacos de basura",
    "url": "https://tienda.consum.es/es/p/bolsas-basura-autocierre-resistente-antibacterias/7181196",
    "price": 2.95,
    "reference_price": 0.2,
    "iva": 21,
    "reference_unit": "1 U",
    "date": "2023-01-17"
  },
  {
    "id": 8912,
    "name": "Guantes Látex Talla Mediana/Grande CONSUM",
    "description": "Guantes Látex Talla Mediana/Grande 50 U",
    "category": "Guantes domésticos",
    "url": "https://tienda.consum.es/es/p/guantes-latex-talla-mediana/grande/7182587",
    "price": 3.5,
    "reference_price": 0.07,
    "iva": 21,
    "reference_unit": "1 U",
    "date": "2023-01-17"
  },
  {
    "id": 8925,
    "name": "Chorizo Extra Duroc LA HOGUERA",
    "description": "Chorizo Extra Duroc 280 Gr",
    "category": "Chorizo",
    "url": "https://tienda.consum.es/es/p/chorizo-extra-duroc/7190759",
    "price": 3.95,
    "reference_price": 14.11,
    "iva": 10,
    "reference_unit": "1 Kg",
    "date": "2023-01-17"
  },
  {
    "id": 8927,
    "name": "Cheese Cake Fresa Pack de 2 Unidades REINA",
    "description": "Cheese Cake Fresa Pack de 2 Unidades 2 x 90 Gr",
    "category": "Otros postres",
    "url": "https://tienda.consum.es/es/p/cheese-cake-fresa-pack-de-2-unidades/7193667",
    "price": 2.55,
    "reference_price": 14.17,
    "iva": 10,
    "reference_unit": "1 Kg",
    "date": "2023-01-17"
  },
  {
    "id": 8928,
    "name": "Snacks Mediterráneos Tomate y Finas Hierbas GREFUSA",
    "description": "Snacks Mediterráneos Tomate y Finas Hierbas 110 Gr",
    "category": "Rosquilletas, picos y snacks",
    "url": "https://tienda.consum.es/es/p/snacks-mediterraneos-tomate-y-finas-hierbas/7194145",
    "price": 1.49,
    "reference_price": 13.55,
    "iva": 10,
    "reference_unit": "1 Kg",
    "date": "2023-01-17"
  },
  {
    "id": 8930,
    "name": "Comida Seca Perros Yorkshire ULTIMA",
    "description": "Comida Seca Perros Yorkshire 1,5 Kg",
    "category": "Seco",
    "url": "https://tienda.consum.es/es/p/comida-seca-perros-yorkshire/7195498",
    "price": 8.95,
    "reference_price": 5.97,
    "iva": 10,
    "reference_unit": "1 Kg",
    "date": "2023-01-17"
  },
  {
    "id": 8933,
    "name": "Ensalada New Yorker FLORETTE",
    "description": "Ensalada New Yorker 205 Gr",
    "category": "Ensaladas preparadas y guacamole",
    "url": "https://tienda.consum.es/es/p/ensalada-new-yorker/7197056",
    "price": 3.15,
    "reference_price": 15.37,
    "iva": 10,
    "reference_unit": "1 Kg",
    "date": "2023-01-17"
  },
  {
    "id": 8934,
    "name": "Tortitas Mini de Maíz Sabor Jamón Ibérico BICENTURY",
    "description": "Tortitas Mini de Maíz Sabor Jamón Ibérico 70 Gr",
    "category": "Alimentación dietética básica",
    "url": "https://tienda.consum.es/es/p/tortitas-mini-de-maiz-sabor-jamon-iberico/7197429",
    "price": 1.39,
    "reference_price": 19.86,
    "iva": 10,
    "reference_unit": "1 Kg",
    "date": "2023-01-17"
  },
  {
    "id": 8937,
    "name": "Panal de Cabello 1 Unidad ",
    "description": "Panal de Cabello 1 Unidad 140 Gr",
    "category": "Napolitanas y hojaldres",
    "url": "https://tienda.consum.es/es/p/panal-de-cabello-1-unidad/7198542",
    "price": 0.99,
    "reference_price": 7.07,
    "iva": 10,
    "reference_unit": "1 Kg",
    "date": "2023-01-17"
  },
  {
    "id": 8948,
    "name": "Bolsa Congelación Grande CONSUM",
    "description": "Bolsa Congelación Grande 30 U",
    "category": "Bazar",
    "url": "https://tienda.consum.es/es/p/bolsa-congelacion-grande/7202500",
    "price": 1.15,
    "reference_price": 0.04,
    "iva": 21,
    "reference_unit": "1 U",
    "date": "2023-01-17"
  },
  {
    "id": 8950,
    "name": "Queso Fresco Batido Desnatado 0% M.G FLOR BURGOS",
    "description": "Queso Fresco Batido Desnatado 0% M.G 450 Gr",
    "category": "Frescos y para ensaladas",
    "url": "https://tienda.consum.es/es/p/queso-fresco-batido-desnatado-0-mg/7203081",
    "price": 1.91,
    "reference_price": 4.24,
    "iva": 0,
    "reference_unit": "1 Kg",
    "date": "2023-01-17"
  },
  {
    "id": 8953,
    "name": "Lechuga Romana Bolsa CONSUM",
    "description": "Lechuga Romana Bolsa 200 Gr",
    "category": "Ensaladas y brotes",
    "url": "https://tienda.consum.es/es/p/lechuga-romana-bolsa/7205078",
    "price": 1.15,
    "reference_price": 5.75,
    "iva": 0,
    "reference_unit": "1 Kg",
    "date": "2023-01-17"
  },
  {
    "id": 8954,
    "name": "Selección de Brotes Bolsa CONSUM",
    "description": "Selección de Brotes Bolsa 100 Gr",
    "category": "Ensaladas y brotes",
    "url": "https://tienda.consum.es/es/p/seleccion-de-brotes-bolsa/7205086",
    "price": 1.39,
    "reference_price": 13.9,
    "iva": 0,
    "reference_unit": "1 Kg",
    "date": "2023-01-17"
  },
  {
    "id": 8957,
    "name": "Cápsulas Laxnat NATURTIERRA",
    "description": "Cápsulas Laxnat 30 U",
    "category": "Fitoterapia",
    "url": "https://tienda.consum.es/es/p/capsulas-laxnat/7206816",
    "price": 3.95,
    "reference_price": 0.13,
    "iva": 10,
    "reference_unit": "1 U",
    "date": "2023-01-17"
  },
  {
    "id": 8958,
    "name": "Cápsulas L-Carnitina NATURTIERRA",
    "description": "Cápsulas L-Carnitina 60 U",
    "category": "Fitoterapia",
    "url": "https://tienda.consum.es/es/p/capsulas-l-carnitina/7206832",
    "price": 3.99,
    "reference_price": 0.07,
    "iva": 10,
    "reference_unit": "1 U",
    "date": "2023-01-17"
  },
  {
    "id": 8959,
    "name": "Cápsulas Lipo Burner NATURTIERRA",
    "description": "Cápsulas Lipo Burner 60 U",
    "category": "Fitoterapia",
    "url": "https://tienda.consum.es/es/p/capsulas-lipo-burner/7206860",
    "price": 4.55,
    "reference_price": 0.08,
    "iva": 10,
    "reference_unit": "1 U",
    "date": "2023-01-17"
  },
  {
    "id": 8960,
    "name": "Comprimidos Valeriana NATURTIERRA",
    "description": "Comprimidos Valeriana 80 U",
    "category": "Fitoterapia",
    "url": "https://tienda.consum.es/es/p/comprimidos-valeriana/7207041",
    "price": 4.5,
    "reference_price": 0.06,
    "iva": 10,
    "reference_unit": "1 U",
    "date": "2023-01-17"
  },
  {
    "id": 8963,
    "name": "Ambientador Varitas Dama de Noche AMBIENTAIR",
    "description": "Ambientador Varitas Dama de Noche 1 U",
    "category": "Continuos y decorativos",
    "url": "https://tienda.consum.es/es/p/ambientador-varitas-dama-de-noche/7207470",
    "price": 3.25,
    "reference_price": 3.25,
    "iva": 21,
    "reference_unit": "1 U",
    "date": "2023-01-17"
  },
  {
    "id": 8964,
    "name": "Limpiador Gel WC Pino CONSUM",
    "description": "Limpiador Gel WC Pino 1 L",
    "category": "Limpieza baños",
    "url": "https://tienda.consum.es/es/p/limpiador-gel-wc-pino/7208163",
    "price": 1,
    "reference_price": 1,
    "iva": 21,
    "reference_unit": "1 L",
    "date": "2023-01-17"
  },
  {
    "id": 8967,
    "name": "Néctar Piña Pet CONSUM",
    "description": "Néctar Piña Pet 1 L",
    "category": "Zumos y néctares no refrigerados",
    "url": "https://tienda.consum.es/es/p/nectar-pina-pet/7209971",
    "price": 0.93,
    "reference_price": 0.93,
    "iva": 21,
    "reference_unit": "1 L",
    "date": "2023-01-17"
  },
  {
    "id": 8972,
    "name": "Plumero Mágico ",
    "description": "Plumero Mágico 1 U",
    "category": "Bayetas, gamuzas y plumeros",
    "url": "https://tienda.consum.es/es/p/plumero-magico/7212863",
    "price": 2.59,
    "reference_price": 2.59,
    "iva": 21,
    "reference_unit": "1 U",
    "date": "2023-01-17"
  },
  {
    "id": 8976,
    "name": "Queso Bajo en Sal Lonchas EL VENTERO",
    "description": "Queso Bajo en Sal Lonchas 160 Gr",
    "category": "Tiernos y light",
    "url": "https://tienda.consum.es/es/p/queso-bajo-en-sal-lonchas/7213879",
    "price": 3.03,
    "reference_price": 18.94,
    "iva": 0,
    "reference_unit": "1 Kg",
    "date": "2023-01-17"
  },
  {
    "id": 8977,
    "name": "Queso Havarti Light Lonchas JUAN LUNA",
    "description": "Queso Havarti Light Lonchas 200 Gr",
    "category": "Barra y otros nacionales",
    "url": "https://tienda.consum.es/es/p/queso-havarti-light-lonchas/7214245",
    "price": 3.03,
    "reference_price": 15.15,
    "iva": 0,
    "reference_unit": "1 Kg",
    "date": "2023-01-17"
  },
  {
    "id": 8978,
    "name": "Pastelito Pantera Rosa Pack de 3 PANTERA ROSA",
    "description": "Pastelito Pantera Rosa Pack de 3 3 x 55 Gr",
    "category": "Desayuno, dulces y café",
    "url": "https://tienda.consum.es/es/p/pastelito-pantera-rosa-pack-de-3/7214518",
    "price": 1.99,
    "reference_price": 12.06,
    "iva": 10,
    "reference_unit": "1 Kg",
    "date": "2023-01-17"
  },
  {
    "id": 8979,
    "name": "Cabeza de Jabalí Ibérica a la Trufa LA CUINA",
    "description": "Cabeza de Jabalí Ibérica a la Trufa 170 Gr",
    "category": "Otros cocidos",
    "url": "https://tienda.consum.es/es/p/cabeza-de-jabali-iberica-a-la-trufa/7216658",
    "price": 2.59,
    "reference_price": 15.24,
    "iva": 10,
    "reference_unit": "1 Kg",
    "date": "2023-01-17"
  },
  {
    "id": 8981,
    "name": "Higiénico Doble Capa Original SCOTTEX",
    "description": "Higiénico Doble Capa Original 32 U",
    "category": "Papel higiénico",
    "url": "https://tienda.consum.es/es/p/higienico-doble-capa-original/7216778",
    "price": 11.49,
    "reference_price": 0.36,
    "iva": 21,
    "reference_unit": "1 U",
    "date": "2023-01-17"
  },
  {
    "id": 8982,
    "name": "Queso Tierno Light Leche Pasteurizada CONSUM",
    "description": "Queso Tierno Light Leche Pasteurizada 250 Gr",
    "category": "Tiernos y light",
    "url": "https://tienda.consum.es/es/p/queso-tierno-light-leche-pasteurizada/7217156",
    "price": 2.68,
    "reference_price": 10.72,
    "iva": 0,
    "reference_unit": "1 Kg",
    "date": "2023-01-17"
  },
  {
    "id": 8983,
    "name": "Chorizo Vela PALACIOS",
    "description": "Chorizo Vela 140 Gr",
    "category": "Chorizo",
    "url": "https://tienda.consum.es/es/p/chorizo-vela/7217578",
    "price": 1.99,
    "reference_price": 14.21,
    "iva": 10,
    "reference_unit": "1 Kg",
    "date": "2023-01-17"
  },
  {
    "id": 8986,
    "name": "Ajonesa Bote CHOVI",
    "description": "Ajonesa Bote 250 ml",
    "category": "Otras salsas",
    "url": "https://tienda.consum.es/es/p/ajonesa-bote/7219520",
    "price": 2.49,
    "reference_price": 9.96,
    "iva": 10,
    "reference_unit": "1 L",
    "date": "2023-01-17"
  },
  {
    "id": 8989,
    "name": "Tortitas Sabor Tomate Paquete BICENTURY",
    "description": "Tortitas Sabor Tomate Paquete 123,5 Gr",
    "category": "Alimentación dietética básica",
    "url": "https://tienda.consum.es/es/p/tortitas-sabor-tomate-paquete/7220721",
    "price": 1.99,
    "reference_price": 16.11,
    "iva": 10,
    "reference_unit": "1 Kg",
    "date": "2023-01-17"
  },
  {
    "id": 8990,
    "name": "Tortitas Sabor Queso Paquete BICENTURY",
    "description": "Tortitas Sabor Queso Paquete 123,5 Gr",
    "category": "Alimentación dietética básica",
    "url": "https://tienda.consum.es/es/p/tortitas-sabor-queso-paquete/7220739",
    "price": 1.99,
    "reference_price": 16.11,
    "iva": 10,
    "reference_unit": "1 Kg",
    "date": "2023-01-17"
  },
  {
    "id": 8992,
    "name": "Tortitas Arroz Vitalday GULLON",
    "description": "Tortitas Arroz Vitalday 115 Gr",
    "category": "Tortitas",
    "url": "https://tienda.consum.es/es/p/tortitas-arroz-vitalday/7220833",
    "price": 1.15,
    "reference_price": 10,
    "iva": 10,
    "reference_unit": "1 Kg",
    "date": "2023-01-17"
  },
  {
    "id": 8993,
    "name": "Tortitas Maíz Vitalday GULLON",
    "description": "Tortitas Maíz Vitalday 109 Gr",
    "category": "Tortitas",
    "url": "https://tienda.consum.es/es/p/tortitas-maiz-vitalday/7220841",
    "price": 1.15,
    "reference_price": 10.55,
    "iva": 10,
    "reference_unit": "1 Kg",
    "date": "2023-01-17"
  },
  {
    "id": 8995,
    "name": "Acelgas Hoja Miniporción congeladas CONSUM",
    "description": "Acelgas Hoja Miniporción congeladas 400 Gr",
    "category": "Otras verduras",
    "url": "https://tienda.consum.es/es/p/acelgas-hoja-miniporcion-congeladas/7221562",
    "price": 1.06,
    "reference_price": 2.65,
    "iva": 0,
    "reference_unit": "1 Kg",
    "date": "2023-01-17"
  },
  {
    "id": 8996,
    "name": "Burgo de Arias Suaves Lonchas ARIAS",
    "description": "Burgo de Arias Suaves Lonchas 125 Gr",
    "category": "Barra y otros nacionales",
    "url": "https://tienda.consum.es/es/p/burgo-de-arias-suaves-lonchas/7223050",
    "price": 2.11,
    "reference_price": 16.88,
    "iva": 0,
    "reference_unit": "1 Kg",
    "date": "2023-01-17"
  },
  {
    "id": 8998,
    "name": "Queso Rallado Pizzas 5 Quesos con Azul FORVAL",
    "description": "Queso Rallado Pizzas 5 Quesos con Azul 150 Gr",
    "category": "Quesos Rallados",
    "url": "https://tienda.consum.es/es/p/queso-rallado-pizzas-5-quesos-con-azul/7224900",
    "price": 2.55,
    "reference_price": 17,
    "iva": 0,
    "reference_unit": "1 Kg",
    "date": "2023-01-17"
  },
  {
    "id": 9005,
    "name": "Queso Fresco 0% Pack de 2 Unidades CONSUM",
    "description": "Queso Fresco 0% Pack de 2 Unidades 2 x 250 Gr",
    "category": "Frescos y para ensaladas",
    "url": "https://tienda.consum.es/es/p/queso-fresco-0-pack-de-2-unidades/7227721",
    "price": 1.88,
    "reference_price": 3.76,
    "iva": 0,
    "reference_unit": "1 Kg",
    "date": "2023-01-17"
  },
  {
    "id": 9007,
    "name": "Colgador WC Líquido Oceánico CONSUM",
    "description": "Colgador WC Líquido Oceánico 3 U",
    "category": "Limpieza baños",
    "url": "https://tienda.consum.es/es/p/colgador-wc-liquido-oceanico/7228257",
    "price": 1.79,
    "reference_price": 0.6,
    "iva": 21,
    "reference_unit": "1 U",
    "date": "2023-01-17"
  },
  {
    "id": 9009,
    "name": "Colgador WC Agua Azul CONSUM",
    "description": "Colgador WC Agua Azul 2 U",
    "category": "Limpieza baños",
    "url": "https://tienda.consum.es/es/p/colgador-wc-agua-azul/7228281",
    "price": 1.3,
    "reference_price": 0.65,
    "iva": 21,
    "reference_unit": "1 U",
    "date": "2023-01-17"
  },
  {
    "id": 9014,
    "name": "Verduras Gourmet Vapor Listos en 3 Min. congelada FINDUS",
    "description": "Verduras Gourmet Vapor Listos en Tres Minutos congelada 350 Gr",
    "category": "Menestras y ensaladillas",
    "url": "https://tienda.consum.es/es/p/verduras-gourmet-vapor-listos-en-3-min-congelada/7230860",
    "price": 2.99,
    "reference_price": 8.54,
    "iva": 10,
    "reference_unit": "1 Kg",
    "date": "2023-01-17"
  },
  {
    "id": 9016,
    "name": "Magro Adobado SERRANO",
    "description": "Magro Adobado 330 Gr",
    "category": "Cerdo",
    "url": "https://tienda.consum.es/es/p/magro-adobado/7231199",
    "price": 2.85,
    "reference_price": 8.64,
    "iva": 10,
    "reference_unit": "1 Kg",
    "date": "2023-01-17"
  },
  {
    "id": 9019,
    "name": "Cápsulas Ácido Hialurónico y Colágeno NATURTIERRA",
    "description": "Cápsulas Ácido Hialurónico y Colágeno 30 U",
    "category": "Fitoterapia",
    "url": "https://tienda.consum.es/es/p/capsulas-acido-hialuronico-y-colageno/7232101",
    "price": 4.95,
    "reference_price": 0.17,
    "iva": 10,
    "reference_unit": "1 U",
    "date": "2023-01-17"
  },
  {
    "id": 9020,
    "name": "Filete Bacalao Inglés CONSUM",
    "description": "Filete Bacalao Inglés 90 Gr",
    "category": "Ahumados",
    "url": "https://tienda.consum.es/es/p/filete-bacalao-ingles/7232825",
    "price": 2.78,
    "reference_price": 30.89,
    "iva": 10,
    "reference_unit": "1 Kg",
    "date": "2023-01-17"
  },
  {
    "id": 9023,
    "name": "Comida para Perros Mini Pollo, Buey y Verduras BREKKIES",
    "description": "Comida para Perros Mini Pollo, Buey y Verduras 1,5 Kg",
    "category": "Seco",
    "url": "https://tienda.consum.es/es/p/comida-para-perros-mini-pollo-buey-y-verduras/7235034",
    "price": 5.39,
    "reference_price": 3.59,
    "iva": 10,
    "reference_unit": "1 Kg",
    "date": "2023-01-17"
  },
  {
    "id": 9026,
    "name": "Mini Caracola de Chocolate 5 Unidades ",
    "description": "Mini Caracola de Chocolate 5 Unidades 200 Gr",
    "category": "Croissants y ensaimadas",
    "url": "https://tienda.consum.es/es/p/mini-caracola-de-chocolate-5-unidades/7236263",
    "price": 1.14,
    "reference_price": 5.7,
    "iva": 10,
    "reference_unit": "1 Kg",
    "date": "2023-01-17"
  },
  {
    "id": 9031,
    "name": "Ambientador Fresh Matic Oasis Turquesa Recambi AIR WICK",
    "description": "Ambientador Fresh Matic Oasis Turquesa Recambi 1 U",
    "category": "Eléctricos y automáticos",
    "url": "https://tienda.consum.es/es/p/ambientador-fresh-matic-oasis-turquesa-recambi/7236805",
    "price": 5.49,
    "reference_price": 5.49,
    "iva": 21,
    "reference_unit": "1 U",
    "date": "2023-01-17"
  },
  {
    "id": 9036,
    "name": "Horquilla Moño Negra PONETTE",
    "description": "Horquilla Moño Negra 24 U",
    "category": "Peines y accesorios",
    "url": "https://tienda.consum.es/es/p/horquilla-mono-negra/7238269",
    "price": 1.55,
    "reference_price": 0.06,
    "iva": 21,
    "reference_unit": "1 U",
    "date": "2023-01-17"
  },
  {
    "id": 9037,
    "name": "Pan 7 Semillas y Pipas de Calabaza 3% M.M ",
    "description": "Pan 7 Semillas y Pipas de Calabaza 3% M.M 230 Gr",
    "category": "Pan de horno",
    "url": "https://tienda.consum.es/es/p/pan-7-semillas-y-pipas-de-calabaza-3-mm/7238475",
    "price": 1.45,
    "reference_price": 6.3,
    "iva": 10,
    "reference_unit": "1 Kg",
    "date": "2023-01-17"
  },
  {
    "id": 9038,
    "name": "Piña Partida ",
    "description": "Piña Partida",
    "category": "Fruta tropical",
    "url": "https://tienda.consum.es/es/p/pina-partida/7238736",
    "price": 1.67,
    "reference_price": 1.59,
    "iva": 0,
    "reference_unit": "1 Kg",
    "date": "2023-01-17"
  },
  {
    "id": 9039,
    "name": "Comida Húmeda Perros Salsa Campesina CESAR",
    "description": "Comida Húmeda Perros Salsa Campesina 4 x 150 Gr",
    "category": "Húmedo",
    "url": "https://tienda.consum.es/es/p/comida-humeda-perros-salsa-campesina/7238934",
    "price": 4.49,
    "reference_price": 7.48,
    "iva": 10,
    "reference_unit": "1 Kg",
    "date": "2023-01-17"
  },
  {
    "id": 9040,
    "name": "Pila AA Power Energizer ENERGIZER",
    "description": "Pila AA Power Energizer 4 U",
    "category": "Electricidad, pilas y bombillas",
    "url": "https://tienda.consum.es/es/p/pila-aa-power-energizer/7239820",
    "price": 2.99,
    "reference_price": 0.75,
    "iva": 21,
    "reference_unit": "1 U",
    "date": "2023-01-17"
  },
  {
    "id": 9041,
    "name": "Pila Power AAA ENERGIZER",
    "description": "Pila Power AAA 4 U",
    "category": "Electricidad, pilas y bombillas",
    "url": "https://tienda.consum.es/es/p/pila-power-aaa/7239825",
    "price": 2.99,
    "reference_price": 0.75,
    "iva": 21,
    "reference_unit": "1 U",
    "date": "2023-01-17"
  },
  {
    "id": 9043,
    "name": "Néctar Frutos del Bosque Pack 6 DON SIMON",
    "description": "Néctar Frutos del Bosque Pack 6 6 x 200 ml",
    "category": "Zumos y néctares no refrigerados",
    "url": "https://tienda.consum.es/es/p/nectar-frutos-del-bosque-pack-6/7240815",
    "price": 1.79,
    "reference_price": 1.49,
    "iva": 21,
    "reference_unit": "1 L",
    "date": "2023-01-17"
  },
  {
    "id": 9045,
    "name": "Snack Bocadito Perros Tasty Cheesy Bites PEDIGREE",
    "description": "Snack Bocadito Perros Tasty Cheesy Bites 140 Gr",
    "category": "Snacks",
    "url": "https://tienda.consum.es/es/p/snack-bocadito-perros-tasty-cheesy-bites/7241854",
    "price": 2.29,
    "reference_price": 16.36,
    "iva": 10,
    "reference_unit": "1 Kg",
    "date": "2023-01-17"
  },
  {
    "id": 9047,
    "name": "Lomo de pavo BOADAS",
    "description": "Lomo de pavo 2 x 40 Gr",
    "category": "Fiambres ave",
    "url": "https://tienda.consum.es/es/p/lomo-de-pavo/7244036",
    "price": 2.69,
    "reference_price": 33.63,
    "iva": 10,
    "reference_unit": "1 Kg",
    "date": "2023-01-17"
  },
  {
    "id": 9050,
    "name": "Tzaziki Crema Yogur con Pepino DELITUSS",
    "description": "Tzaziki Crema Yogur con Pepino 150 Gr",
    "category": "Ensaladas y humus",
    "url": "https://tienda.consum.es/es/p/tzaziki-crema-yogur-con-pepino/7246791",
    "price": 1.59,
    "reference_price": 10.6,
    "iva": 10,
    "reference_unit": "1 Kg",
    "date": "2023-01-17"
  },
  {
    "id": 9052,
    "name": "Máquina Dese. Mujer 3H con Banda y Mango MYSTIQUE",
    "description": "Máquina Dese. Mujer 3H con Banda y Mango 4 U",
    "category": "Maquinillas y recambios",
    "url": "https://tienda.consum.es/es/p/maquina-dese-mujer-3h-con-banda-y-mango/7248198",
    "price": 2.15,
    "reference_price": 0.54,
    "iva": 21,
    "reference_unit": "1 U",
    "date": "2023-01-17"
  },
  {
    "id": 9053,
    "name": "Gel Fijador Perfect Fix GIORGI",
    "description": "Gel Fijador Perfect Fix 50 ml",
    "category": "Gel y cera",
    "url": "https://tienda.consum.es/es/p/gel-fijador-perfect-fix/7248326",
    "price": 1.6,
    "reference_price": 3.2,
    "iva": 21,
    "reference_unit": "100 ml",
    "date": "2023-01-17"
  },
  {
    "id": 9056,
    "name": "Limpiacristales CRISTASOL",
    "description": "Limpiacristales 1,25 L",
    "category": "Limpieza hogar",
    "url": "https://tienda.consum.es/es/p/limpiacristales/7249548",
    "price": 2.29,
    "reference_price": 1.83,
    "iva": 21,
    "reference_unit": "1 L",
    "date": "2023-01-17"
  },
  {
    "id": 9061,
    "name": "Acetona Pura KELSIA",
    "description": "Acetona Pura 200 ml",
    "category": "Uñas",
    "url": "https://tienda.consum.es/es/p/acetona-pura/7250876",
    "price": 1.55,
    "reference_price": 0.78,
    "iva": 21,
    "reference_unit": "100 ml",
    "date": "2023-01-17"
  },
  {
    "id": 9067,
    "name": "Cepillo Desenreda Fácil PONETTE",
    "description": "Cepillo Desenreda Fácil 1 U",
    "category": "Peines y accesorios",
    "url": "https://tienda.consum.es/es/p/cepillo-desenreda-facil/7254167",
    "price": 4.99,
    "reference_price": 4.99,
    "iva": 21,
    "reference_unit": "1 U",
    "date": "2023-01-17"
  },
  {
    "id": 9070,
    "name": "Limpiador Multiusos PH Neutro Pistola LAS 3 BRUJAS",
    "description": "Limpiador Multiusos PH Neutro Pistola 0,75 L",
    "category": "Limpieza hogar",
    "url": "https://tienda.consum.es/es/p/limpiador-multiusos-ph-neutro-pistola/7254878",
    "price": 2.55,
    "reference_price": 3.4,
    "iva": 21,
    "reference_unit": "1 L",
    "date": "2023-01-17"
  },
  {
    "id": 9072,
    "name": "Pila Alcalina AAA LR03 Pack de 8 BAT",
    "description": "Pila Alcalina AAA LR03 Pack de 8 8 U",
    "category": "Electricidad, pilas y bombillas",
    "url": "https://tienda.consum.es/es/p/pila-alcalina-aaa-lr03-pack-de-8/7257173",
    "price": 1.65,
    "reference_price": 0.21,
    "iva": 21,
    "reference_unit": "1 U",
    "date": "2023-01-17"
  },
  {
    "id": 9075,
    "name": "Naranja para Zumo Malla ",
    "description": "Naranja para Zumo Malla 4 Kg",
    "category": "Cítricos",
    "url": "https://tienda.consum.es/es/p/naranja-para-zumo-malla/7258791",
    "price": 4.19,
    "reference_price": 1.05,
    "iva": 0,
    "reference_unit": "1 Kg",
    "date": "2023-01-17"
  },
  {
    "id": 9087,
    "name": "Surtido Verduras Microondas FLORETTE",
    "description": "Surtido Verduras Microondas 300 Gr",
    "category": "Verduras microondas",
    "url": "https://tienda.consum.es/es/p/surtido-verduras-microondas/7087658",
    "price": 1.72,
    "reference_price": 5.73,
    "iva": 0,
    "reference_unit": "1 Kg",
    "date": "2023-01-17"
  },
  {
    "id": 9089,
    "name": "Garbanzos con Vegetales Bote MAMIA",
    "description": "Garbanzos con Vegetales Bote 400 Gr",
    "category": "Conservas",
    "url": "https://tienda.consum.es/es/p/garbanzos-con-vegetales-bote/681437",
    "price": 1.65,
    "reference_price": 4.13,
    "iva": 10,
    "reference_unit": "1 Kg",
    "date": "2023-01-17"
  },
  {
    "id": 9090,
    "name": "Sándwich de Nata Pack de 6 Unidades NESTLE",
    "description": "Sándwich de Nata Pack de 6 Unidades 330 Gr",
    "category": "Sándwich",
    "url": "https://tienda.consum.es/es/p/sandwich-de-nata-pack-de-6-unidades/953468",
    "price": 3.25,
    "reference_price": 9.85,
    "iva": 10,
    "reference_unit": "1 Kg",
    "date": "2023-01-17"
  },
  {
    "id": 9091,
    "name": "Vino Tinto Joven D.O.Ribera del Duero ALT.TAMARON",
    "description": "Vino Tinto Joven D.O.Ribera del Duero 0,75 L",
    "category": "Vinos d.o",
    "url": "https://tienda.consum.es/es/p/vino-tinto-joven-doribera-del-duero/7018161",
    "price": 3.99,
    "reference_price": 5.32,
    "iva": 21,
    "reference_unit": "1 L",
    "date": "2023-01-17"
  },
  {
    "id": 9092,
    "name": "Desodorante Pies Confort Byrelax Spray BYLY",
    "description": "Desodorante Pies Confort Byrelax Spray 200 ml",
    "category": "Desodorantes",
    "url": "https://tienda.consum.es/es/p/desodorante-pies-confort-byrelax-spray/7066293",
    "price": 3.99,
    "reference_price": 19.95,
    "iva": 21,
    "reference_unit": "1 L",
    "date": "2023-01-17"
  },
  {
    "id": 9093,
    "name": "Galletas Digestive sin Azúcares GULLON ZERO",
    "description": "Galletas Digestive sin Azúcares 400 Gr",
    "category": "Galletas saludables",
    "url": "https://tienda.consum.es/es/p/galletas-digestive-sin-azucares/7077225",
    "price": 2.35,
    "reference_price": 5.88,
    "iva": 10,
    "reference_unit": "1 Kg",
    "date": "2023-01-17"
  },
  {
    "id": 9094,
    "name": "Bombón Choco. Blanco 4 Unidades CONSUM",
    "description": "Bombón Choco. Blanco 4 Unidades 320 Gr",
    "category": "Bombones",
    "url": "https://tienda.consum.es/es/p/bombon-choco-blanco-4-unidades/7079684",
    "price": 1.85,
    "reference_price": 5.78,
    "iva": 10,
    "reference_unit": "1 Kg",
    "date": "2023-01-17"
  },
  {
    "id": 9096,
    "name": "Vela en Vaso Satinado Canela ROURA",
    "description": "Vela en Vaso Satinado Canela 1 U",
    "category": "Velas",
    "url": "https://tienda.consum.es/es/p/vela-en-vaso-satinado-canela/7092260",
    "price": 1.95,
    "reference_price": 1.95,
    "iva": 21,
    "reference_unit": "1 U",
    "date": "2023-01-17"
  },
  {
    "id": 9097,
    "name": "Kiwi Amarillo ZESPRI",
    "description": "Kiwi Amarillo",
    "category": "Fruta tropical",
    "url": "https://tienda.consum.es/es/p/kiwi-amarillo/7105240",
    "price": 0.69,
    "reference_price": 5.76,
    "iva": 0,
    "reference_unit": "1 Kg",
    "date": "2023-01-17"
  },
  {
    "id": 9098,
    "name": "Chococlack Pack de 4 Unidades NESTLE",
    "description": "Chococlack Pack de 4 Unidades 264 Gr",
    "category": "Bombones",
    "url": "https://tienda.consum.es/es/p/chococlack-pack-de-4-unidades/7118862",
    "price": 3.49,
    "reference_price": 13.22,
    "iva": 10,
    "reference_unit": "1 Kg",
    "date": "2023-01-17"
  },
  {
    "id": 9099,
    "name": "Gazpacho Pack de 3 Unidades CONSUM",
    "description": "Gazpacho Pack de 3 Unidades 3 x 330 ml",
    "category": "Gazpacho",
    "url": "https://tienda.consum.es/es/p/gazpacho-pack-de-3-unidades/7154289",
    "price": 2.15,
    "reference_price": 2.17,
    "iva": 10,
    "reference_unit": "1 L",
    "date": "2023-01-17"
  },
  {
    "id": 9101,
    "name": "Sopa Pollo con Fideos Sobre CONSUM",
    "description": "Sopa Pollo con Fideos Sobre 66 Gr",
    "category": "Preparados en sobre",
    "url": "https://tienda.consum.es/es/p/sopa-pollo-con-fideos-sobre/7178734",
    "price": 0.39,
    "reference_price": 5.91,
    "iva": 10,
    "reference_unit": "1 Kg",
    "date": "2023-01-17"
  },
  {
    "id": 9103,
    "name": "Mortadela Siciliana Fina ELPOZO",
    "description": "Mortadela Siciliana Fina 500 Gr",
    "category": "Mortadela y chopped",
    "url": "https://tienda.consum.es/es/p/mortadela-siciliana-fina/7181170",
    "price": 2,
    "reference_price": 4,
    "iva": 10,
    "reference_unit": "1 Kg",
    "date": "2023-01-17"
  },
  {
    "id": 9104,
    "name": "Polo Sorbete Mandarina Pack de 6 Und.420 Ml.l CONSUM",
    "description": "Polo Sorbete Mandarina Pack de 6 Und.420 Ml.l 384 Gr",
    "category": "Polos",
    "url": "https://tienda.consum.es/es/p/polo-sorbete-mandarina-pack-de-6-und420-mll/7192768",
    "price": 1.79,
    "reference_price": 4.66,
    "iva": 10,
    "reference_unit": "1 Kg",
    "date": "2023-01-17"
  },
  {
    "id": 9107,
    "name": "Yogur Sabores Pack de 12 Unidades CONSUM",
    "description": "Yogur Sabores Pack de 12 Unidades 12 x 125 Gr",
    "category": "Yogur sabores",
    "url": "https://tienda.consum.es/es/p/yogur-sabores-pack-de-12-unidades/7199776",
    "price": 2.09,
    "reference_price": 1.39,
    "iva": 10,
    "reference_unit": "1 Kg",
    "date": "2023-01-17"
  },
  {
    "id": 9111,
    "name": "Hélices con Vegetales Pasta Fina GALLO",
    "description": "Hélices con Vegetales Pasta Fina 400 Gr",
    "category": "Otras pastas secas",
    "url": "https://tienda.consum.es/es/p/helices-con-vegetales-pasta-fina/7217198",
    "price": 1.7,
    "reference_price": 4.25,
    "iva": 5,
    "reference_unit": "1 Kg",
    "date": "2023-01-17"
  },
  {
    "id": 9113,
    "name": "Huevo Kinder Joy Unidad KINDER",
    "description": "Huevo Kinder Joy Unidad 20 Gr",
    "category": "Chocolatinas y bombones",
    "url": "https://tienda.consum.es/es/p/huevo-kinder-joy-unidad/7218092",
    "price": 1.4,
    "reference_price": 7,
    "iva": 10,
    "reference_unit": "100 Gr",
    "date": "2023-01-17"
  },
  {
    "id": 9117,
    "name": "Tortitas de Jamón Pavo y Queso ALDELIS",
    "description": "Tortitas de Jamón Pavo y Queso 270 Gr",
    "category": "Otros elaborados",
    "url": "https://tienda.consum.es/es/p/tortitas-de-jamon-pavo-y-queso/7224418",
    "price": 2.75,
    "reference_price": 10.19,
    "iva": 10,
    "reference_unit": "1 Kg",
    "date": "2023-01-17"
  },
  {
    "id": 9119,
    "name": "Cápsulas Garcini Gamboia NATURTIERRA",
    "description": "Cápsulas Garcini Gamboia 30 U",
    "category": "Fitoterapia",
    "url": "https://tienda.consum.es/es/p/capsulas-garcini-gamboia/7224772",
    "price": 4.55,
    "reference_price": 0.15,
    "iva": 10,
    "reference_unit": "1 U",
    "date": "2023-01-17"
  },
  {
    "id": 9121,
    "name": "Vaso Perfumado Jazmín CERAS ROURA",
    "description": "Vaso Perfumado Jazmín 1 U",
    "category": "Velas",
    "url": "https://tienda.consum.es/es/p/vaso-perfumado-jazmin/7231207",
    "price": 1.95,
    "reference_price": 1.95,
    "iva": 21,
    "reference_unit": "1 U",
    "date": "2023-01-17"
  },
  {
    "id": 9125,
    "name": "Queso Minibabybel Malla 10 Unidades MINIBABYBEL",
    "description": "Queso Minibabybel Malla 10 Unidades 200 Gr",
    "category": "Bola, edam, gouda, maasdam",
    "url": "https://tienda.consum.es/es/p/queso-minibabybel-malla-10-unidades/7249766",
    "price": 4.23,
    "reference_price": 21.15,
    "iva": 0,
    "reference_unit": "1 Kg",
    "date": "2023-01-17"
  },
  {
    "id": 9126,
    "name": "Copos Avena Suave OATIBIX",
    "description": "Copos Avena Suave 500 Gr",
    "category": "Cereales",
    "url": "https://tienda.consum.es/es/p/copos-avena-suave/7251507",
    "price": 1.55,
    "reference_price": 3.1,
    "iva": 10,
    "reference_unit": "1 Kg",
    "date": "2023-01-17"
  },
  {
    "id": 9131,
    "name": "Compresa Cottonlike Normal Alas EVAX",
    "description": "Compresa Cottonlike Normal Alas 32 U",
    "category": "Compresas y protegeslips",
    "url": "https://tienda.consum.es/es/p/compresa-cottonlike-normal-alas/7261964",
    "price": 4.16,
    "reference_price": 0.13,
    "iva": 4,
    "reference_unit": "1 U",
    "date": "2023-01-17"
  },
  {
    "id": 9136,
    "name": "Cepillo de Dientes Infantil ",
    "description": "Cepillo de Dientes Infantil 1 U",
    "category": "Cepillos de dientes",
    "url": "https://tienda.consum.es/es/p/cepillo-de-dientes-infantil/7264161",
    "price": 1.99,
    "reference_price": 1.99,
    "iva": 21,
    "reference_unit": "1 U",
    "date": "2023-01-17"
  },
  {
    "id": 9137,
    "name": "Pan Sandwich Integral Sottile 8 Unidades DULCESOL",
    "description": "Pan Sandwich Integral Sottile 8 Unidades 310 Gr",
    "category": "Pan de molde integral y cereales",
    "url": "https://tienda.consum.es/es/p/pan-sandwich-integral-sottile-8-unidades/7264377",
    "price": 1.79,
    "reference_price": 5.77,
    "iva": 10,
    "reference_unit": "1 Kg",
    "date": "2023-01-17"
  },
  {
    "id": 9141,
    "name": "Preparado Picada Mixta CONSUM",
    "description": "Preparado Picada Mixta 250 Gr",
    "category": "Picadas y hamburguesas",
    "url": "https://tienda.consum.es/es/p/preparado-picada-mixta/7265452",
    "price": 2.75,
    "reference_price": 11,
    "iva": 10,
    "reference_unit": "1 Kg",
    "date": "2023-01-17"
  },
  {
    "id": 9142,
    "name": "Chocolate Negro 82% Cacao VALOR",
    "description": "Chocolate Negro 82% Cacao 170 Gr",
    "category": "Tabletas",
    "url": "https://tienda.consum.es/es/p/chocolate-negro-82-cacao/7265499",
    "price": 2.35,
    "reference_price": 13.82,
    "iva": 10,
    "reference_unit": "1 Kg",
    "date": "2023-01-17"
  },
  {
    "id": 9144,
    "name": "Toallitas Agua Micelar SALUSTAR",
    "description": "Toallitas Agua Micelar 20 U",
    "category": "Limpieza y desmaquilladores",
    "url": "https://tienda.consum.es/es/p/toallitas-agua-micelar/7265767",
    "price": 1.99,
    "reference_price": 0.1,
    "iva": 21,
    "reference_unit": "1 U",
    "date": "2023-01-17"
  },
  {
    "id": 9148,
    "name": "Batido Shake Vaso COLA CAO",
    "description": "Batido Shake Vaso 200 ml",
    "category": "Batidos y cafés",
    "url": "https://tienda.consum.es/es/p/batido-shake-vaso/7267156",
    "price": 1.55,
    "reference_price": 7.75,
    "iva": 10,
    "reference_unit": "1 L",
    "date": "2023-01-17"
  },
  {
    "id": 9151,
    "name": "Preparado Lácteo Canela Limón RAM",
    "description": "Preparado Lácteo Canela Limón 1 L",
    "category": "Leches especiales",
    "url": "https://tienda.consum.es/es/p/preparado-lacteo-canela-limon/4296901",
    "price": 1.89,
    "reference_price": 1.89,
    "iva": 10,
    "reference_unit": "1 L",
    "date": "2023-01-17"
  },
  {
    "id": 9158,
    "name": "Polo Sorbete de Limón Pack de 6 Und. 420 Ml. CONSUM",
    "description": "Polo Sorbete de Limón Pack de 6 Und. 420 Ml. 384 Gr",
    "category": "Polos",
    "url": "https://tienda.consum.es/es/p/polo-sorbete-de-limon-pack-de-6-und-420-ml/7192771",
    "price": 1.79,
    "reference_price": 4.66,
    "iva": 10,
    "reference_unit": "1 Kg",
    "date": "2023-01-17"
  },
  {
    "id": 9160,
    "name": "Insecticida Eléctrico Liquido Recambio PICAMOS",
    "description": "Insecticida Eléctrico Liquido Recambio 1 U",
    "category": "Eléctricos",
    "url": "https://tienda.consum.es/es/p/insecticida-electrico-liquido-recambio/7196694",
    "price": 1.89,
    "reference_price": 1.89,
    "iva": 21,
    "reference_unit": "1 U",
    "date": "2023-01-17"
  },
  {
    "id": 9162,
    "name": "Pajaritas Vegetales Paquete GALLO",
    "description": "Pajaritas Vegetales Paquete 450 Gr",
    "category": "Otras pastas secas",
    "url": "https://tienda.consum.es/es/p/pajaritas-vegetales-paquete/7217193",
    "price": 1.7,
    "reference_price": 3.78,
    "iva": 5,
    "reference_unit": "1 Kg",
    "date": "2023-01-17"
  },
  {
    "id": 9163,
    "name": "Ensalada Ibérica FLORETTE",
    "description": "Ensalada Ibérica 200 Gr",
    "category": "Ensaladas preparadas y guacamole",
    "url": "https://tienda.consum.es/es/p/ensalada-iberica/7218233",
    "price": 3.15,
    "reference_price": 15.75,
    "iva": 10,
    "reference_unit": "1 Kg",
    "date": "2023-01-17"
  },
  {
    "id": 9166,
    "name": "Tarrito 4 Frutas Mi Menú con Galleta BE PLUS",
    "description": "Tarrito 4 Frutas Mi Menú con Galleta 2 x 200 Gr",
    "category": "Alimentación infantil",
    "url": "https://tienda.consum.es/es/p/tarrito-4-frutas-mi-menu-con-galleta/7231285",
    "price": 1.99,
    "reference_price": 4.98,
    "iva": 10,
    "reference_unit": "1 Kg",
    "date": "2023-01-17"
  },
  {
    "id": 9174,
    "name": "Blanqueador Blanco Nuclear IBERIA",
    "description": "Blanqueador Blanco Nuclear 6 U",
    "category": "Aditivos y complementos",
    "url": "https://tienda.consum.es/es/p/blanqueador-blanco-nuclear/7260214",
    "price": 2.65,
    "reference_price": 0.44,
    "iva": 21,
    "reference_unit": "1 U",
    "date": "2023-01-17"
  },
  {
    "id": 9181,
    "name": "Limpia Lavadoras . COLON",
    "description": "Limpia Lavadoras . 0,25 L",
    "category": "Descalcificadores lavadora",
    "url": "https://tienda.consum.es/es/p/limpia-lavadoras-/7265390",
    "price": 4.79,
    "reference_price": 19.16,
    "iva": 21,
    "reference_unit": "1 L",
    "date": "2023-01-17"
  },
  {
    "id": 9184,
    "name": "Acondicionador Bifásico Rizos NELLY",
    "description": "Acondicionador Bifásico Rizos 400 ml",
    "category": "Acondicionadores",
    "url": "https://tienda.consum.es/es/p/acondicionador-bifasico-rizos/7265986",
    "price": 3.99,
    "reference_price": 1,
    "iva": 21,
    "reference_unit": "100 ml",
    "date": "2023-01-17"
  },
  {
    "id": 9186,
    "name": "Desodorante Roll On Men Protege&Cuida 48 Horas NIVEA",
    "description": "Desodorante Roll On Men Protege&Cuida 48 Horas 50 ml",
    "category": "Roll on",
    "url": "https://tienda.consum.es/es/p/desodorante-roll-on-men-protegecuida-48-horas/7266976",
    "price": 2.25,
    "reference_price": 4.5,
    "iva": 21,
    "reference_unit": "100 ml",
    "date": "2023-01-17"
  },
  {
    "id": 9190,
    "name": "Batido 0% Shake Vaso COLA CAO",
    "description": "Batido 0% Shake Vaso 200 ml",
    "category": "Batidos y cafés",
    "url": "https://tienda.consum.es/es/p/batido-0-shake-vaso/7267151",
    "price": 1.55,
    "reference_price": 7.75,
    "iva": 10,
    "reference_unit": "1 L",
    "date": "2023-01-17"
  },
  {
    "id": 9192,
    "name": "Pimentón Dulce Lata SABATER",
    "description": "Pimentón Dulce Lata 75 Gr",
    "category": "Especias",
    "url": "https://tienda.consum.es/es/p/pimenton-dulce-lata/66191",
    "price": 1.99,
    "reference_price": 26.53,
    "iva": 10,
    "reference_unit": "1 Kg",
    "date": "2023-01-17"
  },
  {
    "id": 9193,
    "name": "Vino Tinto Joven D.O.Campo de Borja DON RAMON",
    "description": "Vino Tinto Joven D.O.Campo de Borja 0,75 L",
    "category": "Vinos d.o",
    "url": "https://tienda.consum.es/es/p/vino-tinto-joven-docampo-de-borja/112938",
    "price": 2.79,
    "reference_price": 3.72,
    "iva": 21,
    "reference_unit": "1 L",
    "date": "2023-01-17"
  },
  {
    "id": 9194,
    "name": "Pate de Hígado de Cerdo Pack de 3 Latas LA PIARA",
    "description": "Pate de Hígado de Cerdo Pack de 3 Latas 3 x 75 Gr",
    "category": "Patés y untables",
    "url": "https://tienda.consum.es/es/p/pate-de-higado-de-cerdo-pack-de-3-latas/224485",
    "price": 3.65,
    "reference_price": 16.22,
    "iva": 10,
    "reference_unit": "1 Kg",
    "date": "2023-01-17"
  },
  {
    "id": 9195,
    "name": "Pan Hot Dog 6 Unidades BIMBO",
    "description": "Pan Hot Dog 6 Unidades 330 Gr",
    "category": "Pan de hamburguesa, hot dog y wraps",
    "url": "https://tienda.consum.es/es/p/pan-hot-dog-6-unidades/305664",
    "price": 1.79,
    "reference_price": 5.42,
    "iva": 10,
    "reference_unit": "1 Kg",
    "date": "2023-01-17"
  },
  {
    "id": 9196,
    "name": "Pimentón Dulce Lata DUCROS",
    "description": "Pimentón Dulce Lata 75 Gr",
    "category": "Especias",
    "url": "https://tienda.consum.es/es/p/pimenton-dulce-lata/309161",
    "price": 2.69,
    "reference_price": 35.87,
    "iva": 10,
    "reference_unit": "1 Kg",
    "date": "2023-01-17"
  },
  {
    "id": 9197,
    "name": "Vermouth Blanco MARTINI",
    "description": "Vermouth Blanco 1 L",
    "category": "Licores y vermouth",
    "url": "https://tienda.consum.es/es/p/vermouth-blanco/317610",
    "price": 8.5,
    "reference_price": 8.5,
    "iva": 21,
    "reference_unit": "1 L",
    "date": "2023-01-17"
  },
  {
    "id": 9198,
    "name": "Albóndigas Bote HERO",
    "description": "Albóndigas Bote 430 Gr",
    "category": "Conservas",
    "url": "https://tienda.consum.es/es/p/albondigas-bote/330605",
    "price": 2.99,
    "reference_price": 6.95,
    "iva": 10,
    "reference_unit": "1 Kg",
    "date": "2023-01-17"
  },
  {
    "id": 9200,
    "name": "Cereales Trigo WEETABIX",
    "description": "Cereales Trigo 430 Gr",
    "category": "Cereales",
    "url": "https://tienda.consum.es/es/p/cereales-trigo/350660",
    "price": 2.85,
    "reference_price": 6.63,
    "iva": 10,
    "reference_unit": "1 Kg",
    "date": "2023-01-17"
  },
  {
    "id": 9202,
    "name": "Fabada Asturiana Bote LITORAL",
    "description": "Fabada Asturiana Bote 865 Gr",
    "category": "Conservas",
    "url": "https://tienda.consum.es/es/p/fabada-asturiana-bote/372227",
    "price": 3.79,
    "reference_price": 4.46,
    "iva": 10,
    "reference_unit": "1 Kg",
    "date": "2023-01-17"
  },
  {
    "id": 9206,
    "name": "Pan Tostado Sin Grasa 30 Rebanadas RECONDO",
    "description": "Pan Tostado Sin Grasa 30 Rebanadas 270 Gr",
    "category": "Tostadas y minibiscotes",
    "url": "https://tienda.consum.es/es/p/pan-tostado-sin-grasa-30-rebanadas/420406",
    "price": 2.39,
    "reference_price": 8.85,
    "iva": 10,
    "reference_unit": "1 Kg",
    "date": "2023-01-17"
  },
  {
    "id": 9207,
    "name": "Magdalenas Redondas Bolsón DULCESOL",
    "description": "Magdalenas Redondas Bolsón 615 Gr",
    "category": "Bollería industrial",
    "url": "https://tienda.consum.es/es/p/magdalenas-redondas-bolson/440917",
    "price": 3.39,
    "reference_price": 5.51,
    "iva": 10,
    "reference_unit": "1 Kg",
    "date": "2023-01-17"
  },
  {
    "id": 9208,
    "name": "Sazonador Ajo Perejil Tarro DUCROS",
    "description": "Sazonador Ajo Perejil Tarro 43 Gr",
    "category": "Sazonadores",
    "url": "https://tienda.consum.es/es/p/sazonador-ajo-perejil-tarro/679191",
    "price": 2.15,
    "reference_price": 5,
    "iva": 10,
    "reference_unit": "100 Gr",
    "date": "2023-01-17"
  },
  {
    "id": 9209,
    "name": "Galletas Chipsahoy LU",
    "description": "Galletas Chipsahoy 300 Gr",
    "category": "Galletas de chocolate",
    "url": "https://tienda.consum.es/es/p/galletas-chipsahoy/715441",
    "price": 3.45,
    "reference_price": 11.5,
    "iva": 10,
    "reference_unit": "1 Kg",
    "date": "2023-01-17"
  },
  {
    "id": 9212,
    "name": "Anis Seco FERRI",
    "description": "Anis Seco 1 L",
    "category": "Licores y vermouth",
    "url": "https://tienda.consum.es/es/p/anis-seco/861203",
    "price": 8.49,
    "reference_price": 8.49,
    "iva": 21,
    "reference_unit": "1 L",
    "date": "2023-01-17"
  },
  {
    "id": 9214,
    "name": "Vino Rosado D.O.Utiel-Requena V.ENTERIZO",
    "description": "Vino Rosado D.O.Utiel-Requena 0,75 L",
    "category": "Vinos d.o",
    "url": "https://tienda.consum.es/es/p/vino-rosado-doutiel-requena/904557",
    "price": 2.25,
    "reference_price": 3,
    "iva": 21,
    "reference_unit": "1 L",
    "date": "2023-01-17"
  },
  {
    "id": 9215,
    "name": "Galletas Tosta Rica Choco Guay CUETARA",
    "description": "Galletas Tosta Rica Choco Guay 168 Gr",
    "category": "Galletas de chocolate",
    "url": "https://tienda.consum.es/es/p/galletas-tosta-rica-choco-guay/976977",
    "price": 2.89,
    "reference_price": 17.2,
    "iva": 10,
    "reference_unit": "1 Kg",
    "date": "2023-01-17"
  },
  {
    "id": 9217,
    "name": "Tortitas de Arroz Chocolate Negro BICENTURY",
    "description": "Tortitas de Arroz Chocolate Negro 130 Gr",
    "category": "Tortitas",
    "url": "https://tienda.consum.es/es/p/tortitas-de-arroz-chocolate-negro/1248699",
    "price": 1.99,
    "reference_price": 15.31,
    "iva": 10,
    "reference_unit": "1 Kg",
    "date": "2023-01-17"
  },
  {
    "id": 9218,
    "name": "Embutido Mixto CONSUM",
    "description": "Embutido Mixto",
    "category": "Embutido",
    "url": "https://tienda.consum.es/es/p/embutido-mixto/1715218",
    "price": 3.45,
    "reference_price": 6.89,
    "iva": 10,
    "reference_unit": "1 Kg",
    "date": "2023-01-17"
  },
  {
    "id": 9222,
    "name": "Vino Rosado D.O.Valencia CAST.LIRIA",
    "description": "Vino Rosado D.O.Valencia 0,75 L - Castillo de Liria",
    "category": "Vinos d.o",
    "url": "https://tienda.consum.es/es/p/vino-rosado-dovalencia/4558805",
    "price": 2.58,
    "reference_price": 3.44,
    "iva": 21,
    "reference_unit": "1 L",
    "date": "2023-01-17"
  },
  {
    "id": 9223,
    "name": "Vino Blanco Semi Dulce D.O.Valencia CAST.LIRIA",
    "description": "Vino Blanco Semi Dulce D.O.Valencia 0,75 L - Castillo de Liria",
    "category": "Vinos d.o",
    "url": "https://tienda.consum.es/es/p/vino-blanco-semi-dulce-dovalencia/4558813",
    "price": 2.58,
    "reference_price": 3.44,
    "iva": 21,
    "reference_unit": "1 L",
    "date": "2023-01-17"
  },
  {
    "id": 9226,
    "name": "Bacalao a la Vizcaína Lata CABO PEÑAS",
    "description": "Bacalao a la Vizcaína Lata 70 Gr",
    "category": "Otras conservas pescado",
    "url": "https://tienda.consum.es/es/p/bacalao-a-la-vizcaina-lata/7002223",
    "price": 2.49,
    "reference_price": 35.57,
    "iva": 10,
    "reference_unit": "1 Kg",
    "date": "2023-01-17"
  },
  {
    "id": 9229,
    "name": "Sándwich Mixto Pack de 2 Unidades TARRADELLAS",
    "description": "Sándwich Mixto Pack de 2 Unidades 2 x 120 Gr",
    "category": "Bocadillos y sándwich listos",
    "url": "https://tienda.consum.es/es/p/sandwich-mixto-pack-de-2-unidades/7019958",
    "price": 1.85,
    "reference_price": 7.71,
    "iva": 10,
    "reference_unit": "1 Kg",
    "date": "2023-01-17"
  },
  {
    "id": 9235,
    "name": "Salsa Ligera Bocabajo LIGERESA",
    "description": "Salsa Ligera Bocabajo 430 ml",
    "category": "Mayonesa",
    "url": "https://tienda.consum.es/es/p/salsa-ligera-bocabajo/7043214",
    "price": 1.99,
    "reference_price": 4.63,
    "iva": 10,
    "reference_unit": "1 L",
    "date": "2023-01-17"
  },
  {
    "id": 9238,
    "name": "Menestra Verduras Frasco CONSUM",
    "description": "Menestra Verduras Frasco 400 Gr",
    "category": "Macedonias y menestras",
    "url": "https://tienda.consum.es/es/p/menestra-verduras-frasco/7044100",
    "price": 2.5,
    "reference_price": 6.25,
    "iva": 10,
    "reference_unit": "1 Kg",
    "date": "2023-01-17"
  },
  {
    "id": 9240,
    "name": "Pate Hígado de Cerdo Lata Pack de 3 CONSUM",
    "description": "Pate Hígado de Cerdo Lata Pack de 3 3 x 78 Gr",
    "category": "Patés y untables",
    "url": "https://tienda.consum.es/es/p/pate-higado-de-cerdo-lata-pack-de-3/7044910",
    "price": 1.35,
    "reference_price": 5.77,
    "iva": 10,
    "reference_unit": "1 Kg",
    "date": "2023-01-17"
  },
  {
    "id": 9241,
    "name": "Sardinillas en Escabeche Lata CONSUM",
    "description": "Sardinillas en Escabeche Lata 60 Gr",
    "category": "Sardinas",
    "url": "https://tienda.consum.es/es/p/sardinillas-en-escabeche-lata/7046100",
    "price": 0.8,
    "reference_price": 13.33,
    "iva": 10,
    "reference_unit": "1 Kg",
    "date": "2023-01-17"
  },
  {
    "id": 9243,
    "name": "Aceitunas Manzanilla sin Hueso en Frasco CONSUM",
    "description": "Aceitunas Manzanilla sin Hueso en Frasco 400 Gr",
    "category": "Aceitunas sin hueso",
    "url": "https://tienda.consum.es/es/p/aceitunas-manzanilla-sin-hueso-en-frasco/7047483",
    "price": 1.85,
    "reference_price": 4.63,
    "iva": 10,
    "reference_unit": "1 Kg",
    "date": "2023-01-17"
  },
  {
    "id": 9244,
    "name": "Chistorra ARGAL",
    "description": "Chistorra 200 Gr",
    "category": "Chorizo",
    "url": "https://tienda.consum.es/es/p/chistorra/7047681",
    "price": 2.15,
    "reference_price": 10.75,
    "iva": 10,
    "reference_unit": "1 Kg",
    "date": "2023-01-17"
  },
  {
    "id": 9246,
    "name": "Mejillones en Escabeche Pack de 3 CONSUM",
    "description": "Mejillones en Escabeche Pack de 3 3 x 43 Gr",
    "category": "Mejillones",
    "url": "https://tienda.consum.es/es/p/mejillones-en-escabeche-pack-de-3/7048478",
    "price": 2.5,
    "reference_price": 19.38,
    "iva": 10,
    "reference_unit": "1 Kg",
    "date": "2023-01-17"
  },
  {
    "id": 9247,
    "name": "Aderezo de Limón CONSUM",
    "description": "Aderezo de Limón 0,5 L",
    "category": "Otros aceites",
    "url": "https://tienda.consum.es/es/p/aderezo-de-limon/7050649",
    "price": 0.65,
    "reference_price": 1.3,
    "iva": 10,
    "reference_unit": "1 L",
    "date": "2023-01-17"
  },
  {
    "id": 9248,
    "name": "Vino Tinto Joven D.O.Alicante VIÑA ALCANTA",
    "description": "Vino Tinto Joven D.O.Alicante 0,75 L",
    "category": "Vinos d.o",
    "url": "https://tienda.consum.es/es/p/vino-tinto-joven-doalicante/7052884",
    "price": 2.15,
    "reference_price": 2.87,
    "iva": 21,
    "reference_unit": "1 L",
    "date": "2023-01-17"
  },
  {
    "id": 9251,
    "name": "Mermelada Albaricoque Frasco CONSUM",
    "description": "Mermelada Albaricoque Frasco 410 Gr",
    "category": "Mermeladas y confituras",
    "url": "https://tienda.consum.es/es/p/mermelada-albaricoque-frasco/7055239",
    "price": 1.6,
    "reference_price": 3.9,
    "iva": 10,
    "reference_unit": "1 Kg",
    "date": "2023-01-17"
  },
  {
    "id": 9252,
    "name": "Mermelada Ciruela Frasco CONSUM",
    "description": "Mermelada Ciruela Frasco 410 Gr",
    "category": "Mermeladas y confituras",
    "url": "https://tienda.consum.es/es/p/mermelada-ciruela-frasco/7055247",
    "price": 1.7,
    "reference_price": 4.15,
    "iva": 10,
    "reference_unit": "1 Kg",
    "date": "2023-01-17"
  },
  {
    "id": 9253,
    "name": "Ambientador Aroma Limón FINISH",
    "description": "Ambientador Aroma Limón 1 U",
    "category": "Aditivos y limpiamáquinas",
    "url": "https://tienda.consum.es/es/p/ambientador-aroma-limon/7056310",
    "price": 4.29,
    "reference_price": 4.29,
    "iva": 21,
    "reference_unit": "1 U",
    "date": "2023-01-17"
  },
  {
    "id": 9254,
    "name": "Coco Rallado Bolsa CONSUM",
    "description": "Coco Rallado Bolsa 125 Gr",
    "category": "Repostería para preparar",
    "url": "https://tienda.consum.es/es/p/coco-rallado-bolsa/7056604",
    "price": 1.01,
    "reference_price": 8.08,
    "iva": 0,
    "reference_unit": "1 Kg",
    "date": "2023-01-17"
  },
  {
    "id": 9255,
    "name": "Tarta Laminada de Nata más 50% Gratis CONSUM",
    "description": "Tarta Laminada de Nata más 50% Gratis 525 Gr",
    "category": "Tartas y otros postres",
    "url": "https://tienda.consum.es/es/p/tarta-laminada-de-nata-mas-50-gratis/7064723",
    "price": 2.59,
    "reference_price": 4.93,
    "iva": 10,
    "reference_unit": "1 Kg",
    "date": "2023-01-17"
  },
  {
    "id": 9256,
    "name": "Palomitas Microondas Saladas Pack de 3 POPITAS",
    "description": "Palomitas Microondas Saladas Pack de 3 3 x 100 Gr",
    "category": "Snacks y otros aperitivos",
    "url": "https://tienda.consum.es/es/p/palomitas-microondas-saladas-pack-de-3/7064835",
    "price": 2.45,
    "reference_price": 8.17,
    "iva": 10,
    "reference_unit": "1 Kg",
    "date": "2023-01-17"
  },
  {
    "id": 9257,
    "name": "Hierbas Provenzales Tarro CONSUM",
    "description": "Hierbas Provenzales Tarro 20 Gr",
    "category": "Especias",
    "url": "https://tienda.consum.es/es/p/hierbas-provenzales-tarro/7067650",
    "price": 0.75,
    "reference_price": 3.75,
    "iva": 10,
    "reference_unit": "100 Gr",
    "date": "2023-01-17"
  },
  {
    "id": 9258,
    "name": "Pimienta Negra Molida Tarro CONSUM",
    "description": "Pimienta Negra Molida Tarro 44 Gr",
    "category": "Especias",
    "url": "https://tienda.consum.es/es/p/pimienta-negra-molida-tarro/7067689",
    "price": 0.99,
    "reference_price": 2.25,
    "iva": 10,
    "reference_unit": "100 Gr",
    "date": "2023-01-17"
  },
  {
    "id": 9259,
    "name": "Tomillo Tarro CONSUM",
    "description": "Tomillo Tarro 18 Gr",
    "category": "Especias",
    "url": "https://tienda.consum.es/es/p/tomillo-tarro/7067700",
    "price": 0.69,
    "reference_price": 3.83,
    "iva": 10,
    "reference_unit": "100 Gr",
    "date": "2023-01-17"
  },
  {
    "id": 9260,
    "name": "Queso Mozzarella Lonchas ARLA",
    "description": "Queso Mozzarella Lonchas 150 Gr",
    "category": "Quesos de importación",
    "url": "https://tienda.consum.es/es/p/queso-mozzarella-lonchas/7068260",
    "price": 2.74,
    "reference_price": 18.27,
    "iva": 0,
    "reference_unit": "1 Kg",
    "date": "2023-01-17"
  },
  {
    "id": 9261,
    "name": "Yogur Desnatado Chocolate Fondant Pack4 SVELTESSE",
    "description": "Yogur Desnatado Chocolate Fondant Pack4 4 x 125 Gr",
    "category": "Otros postres",
    "url": "https://tienda.consum.es/es/p/yogur-desnatado-chocolate-fondant-pack4/7068674",
    "price": 2.49,
    "reference_price": 4.98,
    "iva": 10,
    "reference_unit": "1 Kg",
    "date": "2023-01-17"
  },
  {
    "id": 9262,
    "name": "Pechuga de Pollo sin Grasa ELPOZO",
    "description": "Pechuga de Pollo sin Grasa 340 Gr",
    "category": "Fiambres ave",
    "url": "https://tienda.consum.es/es/p/pechuga-de-pollo-sin-grasa/7070936",
    "price": 3.65,
    "reference_price": 10.74,
    "iva": 10,
    "reference_unit": "1 Kg",
    "date": "2023-01-17"
  },
  {
    "id": 9264,
    "name": "Napolitanas Chocolate 8 Unidades CONSUM",
    "description": "Napolitanas Chocolate 8 Unidades 320 Gr",
    "category": "Bollería industrial",
    "url": "https://tienda.consum.es/es/p/napolitanas-chocolate-8-unidades/7075422",
    "price": 1.55,
    "reference_price": 4.84,
    "iva": 10,
    "reference_unit": "1 Kg",
    "date": "2023-01-17"
  },
  {
    "id": 9265,
    "name": "Petit Croissants al Cacao CONSUM",
    "description": "Petit Croissants al Cacao 150 Gr",
    "category": "Bollería industrial",
    "url": "https://tienda.consum.es/es/p/petit-croissants-al-cacao/7075430",
    "price": 0.95,
    "reference_price": 6.33,
    "iva": 10,
    "reference_unit": "1 Kg",
    "date": "2023-01-17"
  },
  {
    "id": 9266,
    "name": "Rosegones CONSUM",
    "description": "Rosegones 250 Gr",
    "category": "Rosquilletas, picos y snacks",
    "url": "https://tienda.consum.es/es/p/rosegones/7075435",
    "price": 1.85,
    "reference_price": 7.4,
    "iva": 10,
    "reference_unit": "1 Kg",
    "date": "2023-01-17"
  },
  {
    "id": 9267,
    "name": "Napolitanas de Crema CONSUM",
    "description": "Napolitanas de Crema 320 Gr",
    "category": "Bollería industrial",
    "url": "https://tienda.consum.es/es/p/napolitanas-de-crema/7075443",
    "price": 1.55,
    "reference_price": 4.84,
    "iva": 10,
    "reference_unit": "1 Kg",
    "date": "2023-01-17"
  },
  {
    "id": 9268,
    "name": "Galletas de Ositos con Chocolate LU",
    "description": "Galletas de Ositos con Chocolate 150 Gr",
    "category": "Galletas de chocolate",
    "url": "https://tienda.consum.es/es/p/galletas-de-ositos-con-chocolate/7077352",
    "price": 1.79,
    "reference_price": 11.93,
    "iva": 10,
    "reference_unit": "1 Kg",
    "date": "2023-01-17"
  },
  {
    "id": 9270,
    "name": "Salero de Sal Yodada Tarro CONSUM",
    "description": "Salero de Sal Yodada Tarro 100 Gr",
    "category": "Sal y especias",
    "url": "https://tienda.consum.es/es/p/salero-de-sal-yodada-tarro/7080778",
    "price": 0.55,
    "reference_price": 5.5,
    "iva": 10,
    "reference_unit": "1 Kg",
    "date": "2023-01-17"
  },
  {
    "id": 9271,
    "name": "Picadillo de Encurtidos Frasco CONSUM",
    "description": "Picadillo de Encurtidos Frasco 200 Gr",
    "category": "Banderillas y cocktails",
    "url": "https://tienda.consum.es/es/p/picadillo-de-encurtidos-frasco/7083322",
    "price": 1.15,
    "reference_price": 5.75,
    "iva": 10,
    "reference_unit": "1 Kg",
    "date": "2023-01-17"
  },
  {
    "id": 9273,
    "name": "Pipas Calabaza Tostadas Sal Bolsa CONSUM",
    "description": "Pipas Calabaza Tostadas Sal Bolsa 125 Gr",
    "category": "Pipas",
    "url": "https://tienda.consum.es/es/p/pipas-calabaza-tostadas-sal-bolsa/7087190",
    "price": 1.6,
    "reference_price": 12.8,
    "iva": 10,
    "reference_unit": "1 Kg",
    "date": "2023-01-17"
  },
  {
    "id": 9275,
    "name": "Agua Mineral Natural Garrafa BEZOYA",
    "description": "Agua Mineral Natural Garrafa 5 L",
    "category": "Agua sin gas : garrafa",
    "url": "https://tienda.consum.es/es/p/agua-mineral-natural-garrafa/7088599",
    "price": 2.19,
    "reference_price": 0.44,
    "iva": 10,
    "reference_unit": "1 L",
    "date": "2023-01-17"
  },
  {
    "id": 9276,
    "name": "Mejillones en Escabeche 8/12 Piezas CABO PEÑAS",
    "description": "Mejillones en Escabeche 8/12 Piezas 69 Gr",
    "category": "Mejillones",
    "url": "https://tienda.consum.es/es/p/mejillones-en-escabeche-8/12-piezas/7089253",
    "price": 4.15,
    "reference_price": 60.14,
    "iva": 10,
    "reference_unit": "1 Kg",
    "date": "2023-01-17"
  },
  {
    "id": 9277,
    "name": "Agua Mineral con Gas Botella Pet S.PELLEGRINO",
    "description": "Agua Mineral con Gas Botella Pet 1 L",
    "category": "Agua con gas",
    "url": "https://tienda.consum.es/es/p/agua-mineral-con-gas-botella-pet/7091536",
    "price": 1.24,
    "reference_price": 1.24,
    "iva": 10,
    "reference_unit": "1 L",
    "date": "2023-01-17"
  },
  {
    "id": 9280,
    "name": "Aceitunas Manzanilla Sabor Anchoa con Hueso CONSUM",
    "description": "Aceitunas Manzanilla Sabor Anchoa con Hueso 500 Gr",
    "category": "Aceitunas con hueso",
    "url": "https://tienda.consum.es/es/p/aceitunas-manzanilla-sabor-anchoa-con-hueso/7094824",
    "price": 2.5,
    "reference_price": 5,
    "iva": 10,
    "reference_unit": "1 Kg",
    "date": "2023-01-17"
  },
  {
    "id": 9282,
    "name": "Chipirones Rellenos en Aceite Girasol Lata CONSUM",
    "description": "Chipirones Rellenos en Aceite Girasol Lata 70 Gr",
    "category": "Calamares y chipirones",
    "url": "https://tienda.consum.es/es/p/chipirones-rellenos-en-aceite-girasol-lata/7097298",
    "price": 2.29,
    "reference_price": 32.71,
    "iva": 10,
    "reference_unit": "1 Kg",
    "date": "2023-01-17"
  },
  {
    "id": 9283,
    "name": "Chorizo de Pavo GOIKOA",
    "description": "Chorizo de Pavo 2 x 75 Gr",
    "category": "Fiambres ave",
    "url": "https://tienda.consum.es/es/p/chorizo-de-pavo/7098106",
    "price": 2.89,
    "reference_price": 19.27,
    "iva": 10,
    "reference_unit": "1 Kg",
    "date": "2023-01-17"
  },
  {
    "id": 9286,
    "name": "Pate de Hígado de Cerdo 50% menos grasa Pack LA PIARA",
    "description": "Pate de Hígado de Cerdo 50% menos grasa Pack 2 x 73 Gr",
    "category": "Patés y untables",
    "url": "https://tienda.consum.es/es/p/pate-de-higado-de-cerdo-50-menos-grasa-pack/7103385",
    "price": 3.65,
    "reference_price": 25,
    "iva": 10,
    "reference_unit": "1 Kg",
    "date": "2023-01-17"
  },
  {
    "id": 9287,
    "name": "Limpiador Paellas y Calderos ASEVI",
    "description": "Limpiador Paellas y Calderos 0,5 L",
    "category": "Limpieza cocina",
    "url": "https://tienda.consum.es/es/p/limpiador-paellas-y-calderos/7109663",
    "price": 1.99,
    "reference_price": 3.98,
    "iva": 21,
    "reference_unit": "1 L",
    "date": "2023-01-17"
  },
  {
    "id": 9288,
    "name": "Palomitas Mantequilla Bolsa CONSUM KIDS",
    "description": "Palomitas Mantequilla Bolsa 90 Gr",
    "category": "Snacks y otros aperitivos",
    "url": "https://tienda.consum.es/es/p/palomitas-mantequilla-bolsa/7112691",
    "price": 0.99,
    "reference_price": 11,
    "iva": 10,
    "reference_unit": "1 Kg",
    "date": "2023-01-17"
  },
  {
    "id": 9292,
    "name": "Mermelada Diet Fresa HELIOS",
    "description": "Mermelada Diet Fresa 280 Gr",
    "category": "Mermeladas y confituras",
    "url": "https://tienda.consum.es/es/p/mermelada-diet-fresa/7142201",
    "price": 1.99,
    "reference_price": 7.11,
    "iva": 10,
    "reference_unit": "1 Kg",
    "date": "2023-01-17"
  },
  {
    "id": 9293,
    "name": "Mermelada Diet Ciruela HELIOS",
    "description": "Mermelada Diet Ciruela 280 Gr",
    "category": "Mermeladas y confituras",
    "url": "https://tienda.consum.es/es/p/mermelada-diet-ciruela/7142214",
    "price": 1.99,
    "reference_price": 7.11,
    "iva": 10,
    "reference_unit": "1 Kg",
    "date": "2023-01-17"
  },
  {
    "id": 9294,
    "name": "Vino Tinto Joven D.O.Jumilla C. COVANEGRA",
    "description": "Vino Tinto Joven D.O.Jumilla 0,75 L",
    "category": "Vinos d.o",
    "url": "https://tienda.consum.es/es/p/vino-tinto-joven-dojumilla/7147085",
    "price": 1.99,
    "reference_price": 2.65,
    "iva": 21,
    "reference_unit": "1 L",
    "date": "2023-01-17"
  },
  {
    "id": 9300,
    "name": "Patatas Fritas Sin Sal Añadida Bolsa CONSUM",
    "description": "Patatas Fritas Sin Sal Añadida Bolsa 130 Gr",
    "category": "Patatas fritas",
    "url": "https://tienda.consum.es/es/p/patatas-fritas-sin-sal-anadida-bolsa/7153799",
    "price": 1.1,
    "reference_price": 8.46,
    "iva": 10,
    "reference_unit": "1 Kg",
    "date": "2023-01-17"
  },
  {
    "id": 9301,
    "name": "Sandwich Relleno Choco Pack 3 CONSUM",
    "description": "Sandwich Relleno Choco Pack 3 3 x 250 Gr",
    "category": "Galletas de chocolate",
    "url": "https://tienda.consum.es/es/p/sandwich-relleno-choco-pack-3/7154532",
    "price": 2.25,
    "reference_price": 3,
    "iva": 10,
    "reference_unit": "1 Kg",
    "date": "2023-01-17"
  },
  {
    "id": 9306,
    "name": "Crema Corporal Nutritiva Reparadora KYREY",
    "description": "Crema Corporal Nutritiva Reparadora 200 ml",
    "category": "Body-lociones",
    "url": "https://tienda.consum.es/es/p/crema-corporal-nutritiva-reparadora/7163348",
    "price": 1.45,
    "reference_price": 0.73,
    "iva": 21,
    "reference_unit": "100 ml",
    "date": "2023-01-17"
  },
  {
    "id": 9311,
    "name": "Galleta María sin Gluten GULLON",
    "description": "Galleta María sin Gluten 380 Gr",
    "category": "Galletas saludables",
    "url": "https://tienda.consum.es/es/p/galleta-maria-sin-gluten/7167786",
    "price": 3.6,
    "reference_price": 9.47,
    "iva": 10,
    "reference_unit": "1 Kg",
    "date": "2023-01-17"
  },
  {
    "id": 9312,
    "name": "Tinto de Verano Limón 0,0%Azúcar 0,0%Alcohol SANDEVID",
    "description": "Tinto de Verano Limón 0,0%Azúcar 0,0%Alcohol 1,5 L",
    "category": "Sangrías y combinados base vino",
    "url": "https://tienda.consum.es/es/p/tinto-de-verano-limon-00azucar-00alcohol/7170033",
    "price": 1.49,
    "reference_price": 0.99,
    "iva": 21,
    "reference_unit": "1 L",
    "date": "2023-01-17"
  },
  {
    "id": 9314,
    "name": "Champú para Perros Todo Tipo de Pelo MI MASCOTA",
    "description": "Champú para Perros Todo Tipo de Pelo 300 ml",
    "category": "Cuidado e higiene",
    "url": "https://tienda.consum.es/es/p/champu-para-perros-todo-tipo-de-pelo/7177467",
    "price": 2.69,
    "reference_price": 8.97,
    "iva": 21,
    "reference_unit": "1 L",
    "date": "2023-01-17"
  },
  {
    "id": 9315,
    "name": "Agua Mineral Con Gas Botella FONTER",
    "description": "Agua Mineral Con Gas Botella 1 L",
    "category": "Agua con gas",
    "url": "https://tienda.consum.es/es/p/agua-mineral-con-gas-botella/7179083",
    "price": 1.09,
    "reference_price": 1.09,
    "iva": 10,
    "reference_unit": "1 L",
    "date": "2023-01-17"
  },
  {
    "id": 9317,
    "name": "Comida Menú para Cobayas VITAKRAFT",
    "description": "Comida Menú para Cobayas 1 Kg",
    "category": "Comida para otras mascotas",
    "url": "https://tienda.consum.es/es/p/comida-menu-para-cobayas/7180359",
    "price": 3.69,
    "reference_price": 3.69,
    "iva": 10,
    "reference_unit": "1 Kg",
    "date": "2023-01-17"
  },
  {
    "id": 9318,
    "name": "Anchoas en Aceite de Oliva BRUIMAR",
    "description": "Anchoas en Aceite de Oliva 50 Gr",
    "category": "Anchoas",
    "url": "https://tienda.consum.es/es/p/anchoas-en-aceite-de-oliva/7180487",
    "price": 3.15,
    "reference_price": 63,
    "iva": 10,
    "reference_unit": "1 Kg",
    "date": "2023-01-17"
  },
  {
    "id": 9319,
    "name": "Tomate Doble Concentrado Lata HIDA",
    "description": "Tomate Doble Concentrado Lata 170 Gr",
    "category": "Tomate",
    "url": "https://tienda.consum.es/es/p/tomate-doble-concentrado-lata/7180771",
    "price": 1.35,
    "reference_price": 7.94,
    "iva": 10,
    "reference_unit": "1 Kg",
    "date": "2023-01-17"
  },
  {
    "id": 9320,
    "name": "Guante Especial Lejía de Nitrilo Talla Mediana CONSUM",
    "description": "Guante Especial Lejía de Nitrilo Talla Mediana 1 U",
    "category": "Guantes domésticos",
    "url": "https://tienda.consum.es/es/p/guante-especial-lejia-de-nitrilo-talla-mediana/7182595",
    "price": 2,
    "reference_price": 2,
    "iva": 21,
    "reference_unit": "1 U",
    "date": "2023-01-17"
  },
  {
    "id": 9322,
    "name": "Sardinas en Aceite Oliva Lata CALVO",
    "description": "Sardinas en Aceite Oliva Lata 84 Gr",
    "category": "Sardinas",
    "url": "https://tienda.consum.es/es/p/sardinas-en-aceite-oliva-lata/7184518",
    "price": 1.49,
    "reference_price": 17.74,
    "iva": 10,
    "reference_unit": "1 Kg",
    "date": "2023-01-17"
  },
  {
    "id": 9324,
    "name": "Galleta Principe Estrella LU",
    "description": "Galleta Principe Estrella 225 Gr",
    "category": "Galletas de chocolate",
    "url": "https://tienda.consum.es/es/p/galleta-principe-estrella/7185374",
    "price": 2.45,
    "reference_price": 10.89,
    "iva": 10,
    "reference_unit": "1 Kg",
    "date": "2023-01-17"
  },
  {
    "id": 9326,
    "name": "Agua Mineral Natural Garrafa BENASAL",
    "description": "Agua Mineral Natural Garrafa 5 L",
    "category": "Agua sin gas : garrafa",
    "url": "https://tienda.consum.es/es/p/agua-mineral-natural-garrafa/7186468",
    "price": 1.89,
    "reference_price": 0.38,
    "iva": 10,
    "reference_unit": "1 L",
    "date": "2023-01-17"
  },
  {
    "id": 9329,
    "name": "Vino Blanco D.O.Rioja DUQUE NARDOS",
    "description": "Vino Blanco D.O.Rioja 0,75 L",
    "category": "Vinos d.o",
    "url": "https://tienda.consum.es/es/p/vino-blanco-dorioja/7188964",
    "price": 2.4,
    "reference_price": 3.2,
    "iva": 21,
    "reference_unit": "1 L",
    "date": "2023-01-17"
  },
  {
    "id": 9330,
    "name": "Picos Camperos CONSUM",
    "description": "Picos Camperos 250 Gr",
    "category": "Rosquilletas, picos y snacks",
    "url": "https://tienda.consum.es/es/p/picos-camperos/7190135",
    "price": 0.89,
    "reference_price": 3.56,
    "iva": 10,
    "reference_unit": "1 Kg",
    "date": "2023-01-17"
  },
  {
    "id": 9331,
    "name": "Agua con Gas Lata VICHY",
    "description": "Agua con Gas Lata 0,33 L",
    "category": "Agua con gas",
    "url": "https://tienda.consum.es/es/p/agua-con-gas-lata/7190499",
    "price": 0.93,
    "reference_price": 2.82,
    "iva": 10,
    "reference_unit": "1 L",
    "date": "2023-01-17"
  },
  {
    "id": 9333,
    "name": "Salsa Burger Bote HELLMANN'S",
    "description": "Salsa Burger Bote 260 Gr",
    "category": "Otras salsas",
    "url": "https://tienda.consum.es/es/p/salsa-burger-bote/7191971",
    "price": 1.85,
    "reference_price": 7.12,
    "iva": 10,
    "reference_unit": "1 Kg",
    "date": "2023-01-17"
  },
  {
    "id": 9337,
    "name": "Salsa Bolognese BARILLA",
    "description": "Salsa Bolognese 400 Gr",
    "category": "Otras salsas",
    "url": "https://tienda.consum.es/es/p/salsa-bolognese/7193733",
    "price": 3.69,
    "reference_price": 9.23,
    "iva": 10,
    "reference_unit": "1 Kg",
    "date": "2023-01-17"
  },
  {
    "id": 9339,
    "name": "Tinto Verano Limón Lata LA CASERA",
    "description": "Tinto Verano Limón Lata 0,33 L",
    "category": "Sangrías y combinados base vino",
    "url": "https://tienda.consum.es/es/p/tinto-verano-limon-lata/7195147",
    "price": 0.85,
    "reference_price": 2.58,
    "iva": 21,
    "reference_unit": "1 L",
    "date": "2023-01-17"
  },
  {
    "id": 9340,
    "name": "Bonito del Norte en Aceite Oliva ALBO",
    "description": "Bonito del Norte en Aceite Oliva 82 Gr",
    "category": "Atún y bonito",
    "url": "https://tienda.consum.es/es/p/bonito-del-norte-en-aceite-oliva/7195761",
    "price": 3.15,
    "reference_price": 38.41,
    "iva": 10,
    "reference_unit": "1 Kg",
    "date": "2023-01-17"
  },
  {
    "id": 9342,
    "name": "Insecticida Eléctrico Líquido Apto.+Recambio PICAMOS",
    "description": "Insecticida Eléctrico Líquido Apto.+Recambio 1 U",
    "category": "Eléctricos",
    "url": "https://tienda.consum.es/es/p/insecticida-electrico-liquido-aptorecambio/7196686",
    "price": 3.1,
    "reference_price": 3.1,
    "iva": 21,
    "reference_unit": "1 U",
    "date": "2023-01-17"
  },
  {
    "id": 9346,
    "name": "Limpiamuebles Aloe Vera Pistola PRONTO",
    "description": "Limpiamuebles Aloe Vera Pistola 0,5 L",
    "category": "Limpieza hogar",
    "url": "https://tienda.consum.es/es/p/limpiamuebles-aloe-vera-pistola/7199479",
    "price": 5.09,
    "reference_price": 10.18,
    "iva": 21,
    "reference_unit": "1 L",
    "date": "2023-01-17"
  },
  {
    "id": 9348,
    "name": "Pan Molde 100% Natural Tierno y Fresco CONSUM",
    "description": "Pan Molde 100% Natural Tierno y Fresco 460 Gr",
    "category": "Pan de molde",
    "url": "https://tienda.consum.es/es/p/pan-molde-100-natural-tierno-y-fresco/7200124",
    "price": 1.49,
    "reference_price": 3.24,
    "iva": 10,
    "reference_unit": "1 Kg",
    "date": "2023-01-17"
  },
  {
    "id": 9350,
    "name": "Galletas Choco Wafer MILKA",
    "description": "Galletas Choco Wafer 180 Gr",
    "category": "Wafer y barquillos",
    "url": "https://tienda.consum.es/es/p/galletas-choco-wafer/7204428",
    "price": 2.8,
    "reference_price": 15.56,
    "iva": 10,
    "reference_unit": "1 Kg",
    "date": "2023-01-17"
  },
  {
    "id": 9353,
    "name": "Taco de Bacón MONELLS",
    "description": "Taco de Bacón 300 Gr",
    "category": "Bacon y panceta",
    "url": "https://tienda.consum.es/es/p/taco-de-bacon/7208247",
    "price": 2.7,
    "reference_price": 9,
    "iva": 10,
    "reference_unit": "1 Kg",
    "date": "2023-01-17"
  },
  {
    "id": 9354,
    "name": "Bonito Lonchas ANGOMAR",
    "description": "Bonito Lonchas 40 Gr",
    "category": "Surimis y salazones",
    "url": "https://tienda.consum.es/es/p/bonito-lonchas/7208833",
    "price": 1,
    "reference_price": 2.5,
    "iva": 10,
    "reference_unit": "100 Gr",
    "date": "2023-01-17"
  },
  {
    "id": 9355,
    "name": "Vino Tinto D.O.Navarra VIÑA LERDEN",
    "description": "Vino Tinto D.O.Navarra 0,75 L",
    "category": "Vinos d.o",
    "url": "https://tienda.consum.es/es/p/vino-tinto-donavarra/7212228",
    "price": 2.25,
    "reference_price": 3,
    "iva": 21,
    "reference_unit": "1 L",
    "date": "2023-01-17"
  },
  {
    "id": 9356,
    "name": "Aros de Maíz Kaskys Bolsa TOSFRIT",
    "description": "Aros de Maíz Kaskys Bolsa 120 Gr",
    "category": "Snacks y otros aperitivos",
    "url": "https://tienda.consum.es/es/p/aros-de-maiz-kaskys-bolsa/7212566",
    "price": 1.05,
    "reference_price": 8.75,
    "iva": 10,
    "reference_unit": "1 Kg",
    "date": "2023-01-17"
  },
  {
    "id": 9363,
    "name": "Galletas Campurrianas Caja CUETARA",
    "description": "Galletas Campurrianas Caja 466 Gr",
    "category": "Desayuno y maría",
    "url": "https://tienda.consum.es/es/p/galletas-campurrianas-caja/7216435",
    "price": 2.99,
    "reference_price": 6.42,
    "iva": 10,
    "reference_unit": "1 Kg",
    "date": "2023-01-17"
  },
  {
    "id": 9365,
    "name": "Atún Claro Aceite Girasol CAMPOS",
    "description": "Atún Claro Aceite Girasol 104 Gr",
    "category": "Atún y bonito",
    "url": "https://tienda.consum.es/es/p/atun-claro-aceite-girasol/7216935",
    "price": 1.99,
    "reference_price": 19.13,
    "iva": 10,
    "reference_unit": "1 Kg",
    "date": "2023-01-17"
  },
  {
    "id": 9366,
    "name": "Atún Claro Natural CAMPOS",
    "description": "Atún Claro Natural 112 Gr",
    "category": "Atún y bonito",
    "url": "https://tienda.consum.es/es/p/atun-claro-natural/7216943",
    "price": 1.99,
    "reference_price": 17.77,
    "iva": 10,
    "reference_unit": "1 Kg",
    "date": "2023-01-17"
  },
  {
    "id": 9367,
    "name": "Tomate Cherry Cubeta ",
    "description": "Tomate Cherry Cubeta 500 Gr",
    "category": "Pepinos, tomates y pimientos",
    "url": "https://tienda.consum.es/es/p/tomate-cherry-cubeta/7218167",
    "price": 1.68,
    "reference_price": 3.36,
    "iva": 0,
    "reference_unit": "1 Kg",
    "date": "2023-01-17"
  },
  {
    "id": 9368,
    "name": "Selección Frutos Secos y Snacks Mix5 XL MISTERCORN",
    "description": "Selección Frutos Secos y Snacks Mix5 XL 300 Gr",
    "category": "Maíz tostado y cocktail",
    "url": "https://tienda.consum.es/es/p/seleccion-frutos-secos-y-snacks-mix5-xl/7218360",
    "price": 2.85,
    "reference_price": 9.5,
    "iva": 10,
    "reference_unit": "1 Kg",
    "date": "2023-01-17"
  },
  {
    "id": 9369,
    "name": "Gusanitos Maíz Paquete RISI",
    "description": "Gusanitos Maíz Paquete 85 Gr",
    "category": "Snacks y otros aperitivos",
    "url": "https://tienda.consum.es/es/p/gusanitos-maiz-paquete/7218410",
    "price": 1.16,
    "reference_price": 13.65,
    "iva": 10,
    "reference_unit": "1 Kg",
    "date": "2023-01-17"
  },
  {
    "id": 9371,
    "name": "Barquillos Artesanos Bote DICAR",
    "description": "Barquillos Artesanos Bote 175 Gr",
    "category": "Wafer y barquillos",
    "url": "https://tienda.consum.es/es/p/barquillos-artesanos-bote/7220239",
    "price": 2.25,
    "reference_price": 12.86,
    "iva": 10,
    "reference_unit": "1 Kg",
    "date": "2023-01-17"
  },
  {
    "id": 9372,
    "name": "Yerba Mate . LA TRANQUERA",
    "description": "Yerba Mate . 500 Gr",
    "category": "Otras infusiones",
    "url": "https://tienda.consum.es/es/p/yerba-mate-/7220762",
    "price": 3.55,
    "reference_price": 7.1,
    "iva": 10,
    "reference_unit": "1 Kg",
    "date": "2023-01-17"
  },
  {
    "id": 9374,
    "name": "Bizcochadas Bolsa LA CUEVA",
    "description": "Bizcochadas Bolsa 365 Gr",
    "category": "Bollería industrial",
    "url": "https://tienda.consum.es/es/p/bizcochadas-bolsa/7220932",
    "price": 2.59,
    "reference_price": 7.1,
    "iva": 10,
    "reference_unit": "1 Kg",
    "date": "2023-01-17"
  },
  {
    "id": 9375,
    "name": "Aceituna Manzanilla sin Hueso Pack de 3 JOLCA",
    "description": "Aceituna Manzanilla sin Hueso Pack de 3 150 Gr",
    "category": "Aceitunas sin hueso",
    "url": "https://tienda.consum.es/es/p/aceituna-manzanilla-sin-hueso-pack-de-3/7221286",
    "price": 1.59,
    "reference_price": 10.6,
    "iva": 10,
    "reference_unit": "1 Kg",
    "date": "2023-01-17"
  },
  {
    "id": 9379,
    "name": "Tomate Frito con Aceite Oliva Virgen Extra Frasco HELIOS",
    "description": "Tomate Frito con Aceite Oliva Virgen Extra Frasco 560 Gr",
    "category": "Tomate",
    "url": "https://tienda.consum.es/es/p/tomate-frito-con-aceite-oliva-virgen-extra-frasco/7222201",
    "price": 2.55,
    "reference_price": 4.55,
    "iva": 10,
    "reference_unit": "1 Kg",
    "date": "2023-01-17"
  },
  {
    "id": 9383,
    "name": "Comida Seca Perro Mini Senior ULTIMA",
    "description": "Comida Seca Perro Mini Senior 1,5 Kg",
    "category": "Seco",
    "url": "https://tienda.consum.es/es/p/comida-seca-perro-mini-senior/7225634",
    "price": 8.95,
    "reference_price": 5.97,
    "iva": 10,
    "reference_unit": "1 Kg",
    "date": "2023-01-17"
  },
  {
    "id": 9384,
    "name": "Vinagre de Vino Tinto CONSUM",
    "description": "Vinagre de Vino Tinto 0,5 L",
    "category": "Vinagre",
    "url": "https://tienda.consum.es/es/p/vinagre-de-vino-tinto/7225766",
    "price": 0.49,
    "reference_price": 0.98,
    "iva": 10,
    "reference_unit": "1 L",
    "date": "2023-01-17"
  },
  {
    "id": 9385,
    "name": "Corazones de Alcachofa Mediana 8/10 Frasco CONSUM",
    "description": "Corazones de Alcachofa Mediana 8/10 Frasco 210 Gr",
    "category": "Alcachofa",
    "url": "https://tienda.consum.es/es/p/corazones-de-alcachofa-mediana-8/10-frasco/7226850",
    "price": 1.99,
    "reference_price": 9.48,
    "iva": 10,
    "reference_unit": "1 Kg",
    "date": "2023-01-17"
  },
  {
    "id": 9387,
    "name": "Judías Verdes Extra Finas Frasco BONDUELLE",
    "description": "Judías Verdes Extra Finas Frasco 280 Gr",
    "category": "Judía verde",
    "url": "https://tienda.consum.es/es/p/judias-verdes-extra-finas-frasco/7228737",
    "price": 4.05,
    "reference_price": 14.46,
    "iva": 10,
    "reference_unit": "1 Kg",
    "date": "2023-01-17"
  },
  {
    "id": 9389,
    "name": "Limpia Tuberías Biológico CONSUM",
    "description": "Limpia Tuberías Biológico 1 L",
    "category": "Desatascador limpia tuberías",
    "url": "https://tienda.consum.es/es/p/limpia-tuberias-biologico/7230985",
    "price": 3.75,
    "reference_price": 3.75,
    "iva": 21,
    "reference_unit": "1 L",
    "date": "2023-01-17"
  },
  {
    "id": 9391,
    "name": "Aceite del Árbol del Té NATURAFEMME",
    "description": "Aceite del Árbol del Té 30 ml",
    "category": "Cuidado personal",
    "url": "https://tienda.consum.es/es/p/aceite-del-arbol-del-te/7234032",
    "price": 7.99,
    "reference_price": 26.63,
    "iva": 21,
    "reference_unit": "100 ml",
    "date": "2023-01-17"
  },
  {
    "id": 9392,
    "name": "Galletas Choco Cream Bañadas Choco Blanco CONSUM",
    "description": "Galletas Choco Cream Bañadas Choco Blanco 252 Gr",
    "category": "Galletas",
    "url": "https://tienda.consum.es/es/p/galletas-choco-cream-banadas-choco-blanco/7234318",
    "price": 1.29,
    "reference_price": 5.12,
    "iva": 10,
    "reference_unit": "1 Kg",
    "date": "2023-01-17"
  },
  {
    "id": 9393,
    "name": "Galleta Choco Cream Mini CONSUM",
    "description": "Galleta Choco Cream Mini 100 Gr",
    "category": "Galletas de chocolate",
    "url": "https://tienda.consum.es/es/p/galleta-choco-cream-mini/7234321",
    "price": 0.85,
    "reference_price": 8.5,
    "iva": 10,
    "reference_unit": "1 Kg",
    "date": "2023-01-17"
  },
  {
    "id": 9395,
    "name": "Galleta Salada Bote CONSUM",
    "description": "Galleta Salada Bote 350 Gr",
    "category": "Galletas saladas",
    "url": "https://tienda.consum.es/es/p/galleta-salada-bote/7239465",
    "price": 1.3,
    "reference_price": 3.71,
    "iva": 10,
    "reference_unit": "1 Kg",
    "date": "2023-01-17"
  },
  {
    "id": 9396,
    "name": "Licor Vodka Red SHARUSKA",
    "description": "Licor Vodka Red 0,7 L",
    "category": "Licores y vermouth",
    "url": "https://tienda.consum.es/es/p/licor-vodka-red/7239671",
    "price": 6,
    "reference_price": 8.57,
    "iva": 21,
    "reference_unit": "1 L",
    "date": "2023-01-17"
  },
  {
    "id": 9407,
    "name": "Lubricante Play Original DUREX",
    "description": "Lubricante Play Original 50 ml",
    "category": "Preservativos",
    "url": "https://tienda.consum.es/es/p/lubricante-play-original/7245504",
    "price": 9.79,
    "reference_price": 19.58,
    "iva": 21,
    "reference_unit": "100 ml",
    "date": "2023-01-17"
  },
  {
    "id": 9408,
    "name": "Corazones de Alcachofa Pequeña 12/14 Frasco CONSUM",
    "description": "Corazones de Alcachofa Pequeña 12/14 Frasco 210 Gr",
    "category": "Alcachofa",
    "url": "https://tienda.consum.es/es/p/corazones-de-alcachofa-pequena-12/14-frasco/7245983",
    "price": 2.69,
    "reference_price": 12.81,
    "iva": 10,
    "reference_unit": "1 Kg",
    "date": "2023-01-17"
  },
  {
    "id": 9410,
    "name": "Agua con Gas Pet VICHY",
    "description": "Agua con Gas Pet 1,2 L",
    "category": "Agua con gas",
    "url": "https://tienda.consum.es/es/p/agua-con-gas-pet/7246320",
    "price": 1.5,
    "reference_price": 1.25,
    "iva": 10,
    "reference_unit": "1 L",
    "date": "2023-01-17"
  },
  {
    "id": 9413,
    "name": "Colgador WC Blue Activ BREF",
    "description": "Colgador WC Blue Activ 1 U",
    "category": "Limpieza baños",
    "url": "https://tienda.consum.es/es/p/colgador-wc-blue-activ/7248292",
    "price": 2.15,
    "reference_price": 2.15,
    "iva": 21,
    "reference_unit": "1 U",
    "date": "2023-01-17"
  },
  {
    "id": 9415,
    "name": "Galletas Leche Chocolate Yoghourt GERBLE",
    "description": "Galletas Leche Chocolate Yoghourt 230 Gr",
    "category": "Alimentación dietética básica",
    "url": "https://tienda.consum.es/es/p/galletas-leche-chocolate-yoghourt/7249675",
    "price": 2.29,
    "reference_price": 9.96,
    "iva": 10,
    "reference_unit": "1 Kg",
    "date": "2023-01-17"
  },
  {
    "id": 9417,
    "name": "Crema de Peinado Look Tupé GIORGI",
    "description": "Crema de Peinado Look Tupé 125 ml",
    "category": "Gel y cera",
    "url": "https://tienda.consum.es/es/p/crema-de-peinado-look-tupe/7251056",
    "price": 5.25,
    "reference_price": 4.2,
    "iva": 21,
    "reference_unit": "100 ml",
    "date": "2023-01-17"
  },
  {
    "id": 9420,
    "name": "Redecillas Pelo Invisibles BETER",
    "description": "Redecillas Pelo Invisibles 2 U",
    "category": "Peines y accesorios",
    "url": "https://tienda.consum.es/es/p/redecillas-pelo-invisibles/7252732",
    "price": 1.35,
    "reference_price": 0.68,
    "iva": 21,
    "reference_unit": "1 U",
    "date": "2023-01-17"
  },
  {
    "id": 9425,
    "name": "Duplo Pringles Original PRINGLES",
    "description": "Duplo Pringles Original 2 x 165 Gr",
    "category": "Patatas fritas",
    "url": "https://tienda.consum.es/es/p/duplo-pringles-original/7254485",
    "price": 3.6,
    "reference_price": 10.91,
    "iva": 10,
    "reference_unit": "1 Kg",
    "date": "2023-01-17"
  },
  {
    "id": 9426,
    "name": "Pan de Molde sin Corteza DULCESOL",
    "description": "Pan de Molde sin Corteza 820 Gr",
    "category": "Pan de molde",
    "url": "https://tienda.consum.es/es/p/pan-de-molde-sin-corteza/7254894",
    "price": 3.49,
    "reference_price": 4.26,
    "iva": 10,
    "reference_unit": "1 Kg",
    "date": "2023-01-17"
  },
  {
    "id": 9428,
    "name": "Aceite Virgen Ext Spray Tostadas y Ensaladas CARBONELL",
    "description": "Aceite Virgen Ext Spray Tostadas y Ensaladas 200 ml",
    "category": "Aceite de oliva virgen y virgen extra",
    "url": "https://tienda.consum.es/es/p/aceite-virgen-ext-spray-tostadas-y-ensaladas/7255107",
    "price": 2.82,
    "reference_price": 14.1,
    "iva": 5,
    "reference_unit": "1 L",
    "date": "2023-01-17"
  },
  {
    "id": 9430,
    "name": "Almendra Repelada Cruda CONSUM",
    "description": "Almendra Repelada Cruda 150 Gr",
    "category": "Otros frutos secos",
    "url": "https://tienda.consum.es/es/p/almendra-repelada-cruda/7256514",
    "price": 2.6,
    "reference_price": 17.33,
    "iva": 0,
    "reference_unit": "1 Kg",
    "date": "2023-01-17"
  },
  {
    "id": 9432,
    "name": "Soda Sifón Botella SANI",
    "description": "Soda Sifón Botella 1,5 L",
    "category": "Gaseosas y sodas",
    "url": "https://tienda.consum.es/es/p/soda-sifon-botella/7258440",
    "price": 1.55,
    "reference_price": 1.03,
    "iva": 10,
    "reference_unit": "1 L",
    "date": "2023-01-17"
  },
  {
    "id": 9433,
    "name": "Hueso de Jamón ARGAL",
    "description": "Hueso de Jamón",
    "category": "Jamón",
    "url": "https://tienda.consum.es/es/p/hueso-de-jamon/7258473",
    "price": 0.9,
    "reference_price": 2.99,
    "iva": 10,
    "reference_unit": "1 Kg",
    "date": "2023-01-17"
  },
  {
    "id": 9435,
    "name": "Fósforos Extralargos FLAM UP",
    "description": "Fósforos Extralargos 3 U",
    "category": "Barbacoa, piscina y playa",
    "url": "https://tienda.consum.es/es/p/fosforos-extralargos/7260198",
    "price": 2.75,
    "reference_price": 0.92,
    "iva": 21,
    "reference_unit": "1 U",
    "date": "2023-01-17"
  },
  {
    "id": 9438,
    "name": "Patatas Fritas Lisas Campesinas Ahorro LAY'S",
    "description": "Patatas Fritas Lisas Campesinas Ahorro 250 Gr",
    "category": "Patatas fritas",
    "url": "https://tienda.consum.es/es/p/patatas-fritas-lisas-campesinas-ahorro/7260714",
    "price": 2.99,
    "reference_price": 11.96,
    "iva": 10,
    "reference_unit": "1 Kg",
    "date": "2023-01-17"
  },
  {
    "id": 9442,
    "name": "Activia Avena Nueces Bifidus P-4 U DANONE",
    "description": "Activia Avena Nueces Bifidus P-4 U 4 x 115 Gr",
    "category": "Bífidus",
    "url": "https://tienda.consum.es/es/p/activia-avena-nueces-bifidus-p-4-u/7263353",
    "price": 2.89,
    "reference_price": 6.28,
    "iva": 10,
    "reference_unit": "1 Kg",
    "date": "2023-01-17"
  },
  {
    "id": 9443,
    "name": "Suavizante Concentrado Azul FLOR",
    "description": "Suavizante Concentrado Azul 72 Lv",
    "category": "Suavizante",
    "url": "https://tienda.consum.es/es/p/suavizante-concentrado-azul/7263585",
    "price": 4.49,
    "reference_price": 0.06,
    "iva": 21,
    "reference_unit": "1 Lv",
    "date": "2023-01-17"
  },
  {
    "id": 9444,
    "name": "Toallitas Multiusos SANYTOL",
    "description": "Toallitas Multiusos 30 U",
    "category": "Limpieza hogar",
    "url": "https://tienda.consum.es/es/p/toallitas-multiusos/7263676",
    "price": 2.25,
    "reference_price": 0.08,
    "iva": 21,
    "reference_unit": "1 U",
    "date": "2023-01-17"
  },
  {
    "id": 9445,
    "name": "Pouche Bio Manzana y Plátano BE PLUS",
    "description": "Pouche Bio Manzana y Plátano 100 Gr",
    "category": "Alimentación infantil",
    "url": "https://tienda.consum.es/es/p/pouche-bio-manzana-y-platano/7264237",
    "price": 1.09,
    "reference_price": 10.9,
    "iva": 10,
    "reference_unit": "1 Kg",
    "date": "2023-01-17"
  },
  {
    "id": 9451,
    "name": "Picos Finos HORNO TRADIC",
    "description": "Picos Finos 230 Gr",
    "category": "Rosquilletas, picos y snacks",
    "url": "https://tienda.consum.es/es/p/picos-finos/7266497",
    "price": 0.79,
    "reference_price": 3.43,
    "iva": 10,
    "reference_unit": "1 Kg",
    "date": "2023-01-17"
  },
  {
    "id": 9456,
    "name": "Desodorante Spray Men Protege&Cuida 48 Horas NIVEA",
    "description": "Desodorante Spray Men Protege&Cuida 48 Horas 200 ml",
    "category": "Spray",
    "url": "https://tienda.consum.es/es/p/desodorante-spray-men-protegecuida-48-horas/7266971",
    "price": 3.15,
    "reference_price": 1.58,
    "iva": 21,
    "reference_unit": "100 ml",
    "date": "2023-01-17"
  },
  {
    "id": 9466,
    "name": "Agua Micelar en Aceite GARNIER",
    "description": "Agua Micelar en Aceite 400 ml",
    "category": "Limpieza y desmaquilladores",
    "url": "https://tienda.consum.es/es/p/agua-micelar-en-aceite/7267750",
    "price": 4.45,
    "reference_price": 1.11,
    "iva": 21,
    "reference_unit": "100 ml",
    "date": "2023-01-17"
  },
  {
    "id": 9470,
    "name": "Sémola de Trigo Paquete GALLO",
    "description": "Sémola de Trigo Paquete 250 Gr",
    "category": "Pastas",
    "url": "https://tienda.consum.es/es/p/semola-de-trigo-paquete/122770",
    "price": 0.81,
    "reference_price": 3.24,
    "iva": 5,
    "reference_unit": "1 Kg",
    "date": "2023-01-17"
  },
  {
    "id": 9472,
    "name": "Colorante Alimentario Tarro DUCROS",
    "description": "Colorante Alimentario Tarro 60 Gr",
    "category": "Especias",
    "url": "https://tienda.consum.es/es/p/colorante-alimentario-tarro/308874",
    "price": 1.99,
    "reference_price": 33.17,
    "iva": 10,
    "reference_unit": "1 Kg",
    "date": "2023-01-17"
  },
  {
    "id": 9473,
    "name": "Orégano Tarro DUCROS",
    "description": "Orégano Tarro 10 Gr",
    "category": "Especias",
    "url": "https://tienda.consum.es/es/p/oregano-tarro/309245",
    "price": 2.15,
    "reference_price": 21.5,
    "iva": 10,
    "reference_unit": "100 Gr",
    "date": "2023-01-17"
  },
  {
    "id": 9474,
    "name": "Preparado Pastel Fresco Sabor Limón ROYAL",
    "description": "Preparado Pastel Fresco Sabor Limón 103 Gr",
    "category": "Repostería para preparar",
    "url": "https://tienda.consum.es/es/p/preparado-pastel-fresco-sabor-limon/310862",
    "price": 1.59,
    "reference_price": 15.44,
    "iva": 10,
    "reference_unit": "1 Kg",
    "date": "2023-01-17"
  },
  {
    "id": 9478,
    "name": "Agua Mineral con Gas Botella FONTER",
    "description": "Agua Mineral con Gas Botella 0,5 L",
    "category": "Agua con gas",
    "url": "https://tienda.consum.es/es/p/agua-mineral-con-gas-botella/2808418",
    "price": 0.74,
    "reference_price": 1.48,
    "iva": 10,
    "reference_unit": "1 L",
    "date": "2023-01-17"
  },
  {
    "id": 9480,
    "name": "Film Transparente ALBAL",
    "description": "Film Transparente 30 M",
    "category": "Bazar",
    "url": "https://tienda.consum.es/es/p/film-transparente/7010150",
    "price": 2.25,
    "reference_price": 0.08,
    "iva": 21,
    "reference_unit": "1 M",
    "date": "2023-01-17"
  },
  {
    "id": 9482,
    "name": "Alubia Roja Cocida Frasco LUENGO",
    "description": "Alubia Roja Cocida Frasco 400 Gr",
    "category": "Alubias",
    "url": "https://tienda.consum.es/es/p/alubia-roja-cocida-frasco/7022473",
    "price": 1.55,
    "reference_price": 3.88,
    "iva": 10,
    "reference_unit": "1 Kg",
    "date": "2023-01-17"
  },
  {
    "id": 9484,
    "name": "Miel Naranjo Dosificador CONSUM",
    "description": "Miel Naranjo Dosificador 350 Gr",
    "category": "Miel",
    "url": "https://tienda.consum.es/es/p/miel-naranjo-dosificador/7028272",
    "price": 2.82,
    "reference_price": 8.06,
    "iva": 10,
    "reference_unit": "1 Kg",
    "date": "2023-01-17"
  },
  {
    "id": 9485,
    "name": "Alubia con Verduras Frasco LUENGO",
    "description": "Alubia con Verduras Frasco 400 Gr",
    "category": "Alubias",
    "url": "https://tienda.consum.es/es/p/alubia-con-verduras-frasco/7044006",
    "price": 1.5,
    "reference_price": 3.75,
    "iva": 10,
    "reference_unit": "1 Kg",
    "date": "2023-01-17"
  },
  {
    "id": 9488,
    "name": "Mermelada Naranja Amarga Frasco CONSUM",
    "description": "Mermelada Naranja Amarga Frasco 410 Gr",
    "category": "Mermeladas y confituras",
    "url": "https://tienda.consum.es/es/p/mermelada-naranja-amarga-frasco/7055275",
    "price": 1.25,
    "reference_price": 3.05,
    "iva": 10,
    "reference_unit": "1 Kg",
    "date": "2023-01-17"
  },
  {
    "id": 9490,
    "name": "Pimentón Dulce Tarro CONSUM",
    "description": "Pimentón Dulce Tarro 45 Gr",
    "category": "Especias",
    "url": "https://tienda.consum.es/es/p/pimenton-dulce-tarro/7067668",
    "price": 0.79,
    "reference_price": 1.76,
    "iva": 10,
    "reference_unit": "100 Gr",
    "date": "2023-01-17"
  },
  {
    "id": 9494,
    "name": "Magnum Mini Classic Pack de 6 Unidades FRIGO",
    "description": "Magnum Mini Classic Pack de 6 Unidades 352 Gr",
    "category": "Bombones",
    "url": "https://tienda.consum.es/es/p/magnum-mini-classic-pack-de-6-unidades/7148567",
    "price": 4.69,
    "reference_price": 13.32,
    "iva": 10,
    "reference_unit": "1 Kg",
    "date": "2023-01-17"
  },
  {
    "id": 9496,
    "name": "Arroz Bomba Paquete CONSUM",
    "description": "Arroz Bomba Paquete 1 Kg",
    "category": "Arroz",
    "url": "https://tienda.consum.es/es/p/arroz-bomba-paquete/7164762",
    "price": 3.27,
    "reference_price": 3.27,
    "iva": 0,
    "reference_unit": "1 Kg",
    "date": "2023-01-17"
  },
  {
    "id": 9497,
    "name": "Queso Gouda Curado O. AMSTERDAM",
    "description": "Queso Gouda Curado 250 Gr",
    "category": "Bola, edam, gouda, maasdam",
    "url": "https://tienda.consum.es/es/p/queso-gouda-curado/7166614",
    "price": 4.8,
    "reference_price": 19.2,
    "iva": 0,
    "reference_unit": "1 Kg",
    "date": "2023-01-17"
  },
  {
    "id": 9498,
    "name": "Caldo de Carne 12 Pastillas CONSUM",
    "description": "Caldo de Carne 12 Pastillas 120 Gr",
    "category": "Concentrado y pastillas",
    "url": "https://tienda.consum.es/es/p/caldo-de-carne-12-pastillas/7178713",
    "price": 0.7,
    "reference_price": 5.83,
    "iva": 10,
    "reference_unit": "1 Kg",
    "date": "2023-01-17"
  },
  {
    "id": 9499,
    "name": "Mermelada Fresa 0% Azúcares Añadidos CONSUM",
    "description": "Mermelada Fresa 0% Azúcares Añadidos 280 Gr",
    "category": "Mermeladas y confituras",
    "url": "https://tienda.consum.es/es/p/mermelada-fresa-0-azucares-anadidos/7185288",
    "price": 1.2,
    "reference_price": 4.29,
    "iva": 10,
    "reference_unit": "1 Kg",
    "date": "2023-01-17"
  },
  {
    "id": 9500,
    "name": "Mermelada Melocotón 0% Azúcares Añadidos CONSUM",
    "description": "Mermelada Melocotón 0% Azúcares Añadidos 280 Gr",
    "category": "Mermeladas y confituras",
    "url": "https://tienda.consum.es/es/p/mermelada-melocoton-0-azucares-anadidos/7185291",
    "price": 1.2,
    "reference_price": 4.29,
    "iva": 10,
    "reference_unit": "1 Kg",
    "date": "2023-01-17"
  },
  {
    "id": 9502,
    "name": "Ensalada California de Atún CALVO",
    "description": "Ensalada California de Atún 150 Gr",
    "category": "Despensa",
    "url": "https://tienda.consum.es/es/p/ensalada-california-de-atun/7192016",
    "price": 1.35,
    "reference_price": 9,
    "iva": 10,
    "reference_unit": "1 Kg",
    "date": "2023-01-17"
  },
  {
    "id": 9505,
    "name": "Insecticida Eléctrico Recambio Pastillas PICAMOS",
    "description": "Insecticida Eléctrico Recambio Pastillas 30 U",
    "category": "Eléctricos",
    "url": "https://tienda.consum.es/es/p/insecticida-electrico-recambio-pastillas/7196699",
    "price": 1.4,
    "reference_price": 0.05,
    "iva": 21,
    "reference_unit": "1 U",
    "date": "2023-01-17"
  },
  {
    "id": 9506,
    "name": "Melocotón Almibar Ligero Lata SOL ARCHENA",
    "description": "Melocotón Almibar Ligero Lata 480 Gr",
    "category": "Frutas en almíbar y en su jugo",
    "url": "https://tienda.consum.es/es/p/melocoton-almibar-ligero-lata/7205404",
    "price": 2.05,
    "reference_price": 4.27,
    "iva": 10,
    "reference_unit": "1 Kg",
    "date": "2023-01-17"
  },
  {
    "id": 9512,
    "name": "Caramelo con Palo Melody Pops CHUPA-CHUPS",
    "description": "Caramelo con Palo Melody Pops 15 Gr",
    "category": "Chicles, caramelos y gominolas",
    "url": "https://tienda.consum.es/es/p/caramelo-con-palo-melody-pops/7219590",
    "price": 0.95,
    "reference_price": 6.33,
    "iva": 10,
    "reference_unit": "100 Gr",
    "date": "2023-01-17"
  },
  {
    "id": 9514,
    "name": "Crema de Calabaza Brik CONSUM",
    "description": "Crema de Calabaza Brik 0,5 L",
    "category": "Cremas",
    "url": "https://tienda.consum.es/es/p/crema-de-calabaza-brik/7227788",
    "price": 1.2,
    "reference_price": 2.4,
    "iva": 10,
    "reference_unit": "1 L",
    "date": "2023-01-17"
  },
  {
    "id": 9524,
    "name": "Comida Húmeda Gatos Pescado WHISKAS",
    "description": "Comida Húmeda Gatos Pescado 4 x 100 Gr",
    "category": "Húmedo",
    "url": "https://tienda.consum.es/es/p/comida-humeda-gatos-pescado/7247906",
    "price": 2.29,
    "reference_price": 5.73,
    "iva": 10,
    "reference_unit": "1 Kg",
    "date": "2023-01-17"
  },
  {
    "id": 9531,
    "name": "Salsa Casera Tarro CALVÉ",
    "description": "Salsa Casera Tarro 430 ml",
    "category": "Mayonesa",
    "url": "https://tienda.consum.es/es/p/salsa-casera-tarro/7263320",
    "price": 2.25,
    "reference_price": 5.23,
    "iva": 10,
    "reference_unit": "1 L",
    "date": "2023-01-17"
  },
  {
    "id": 9534,
    "name": "Aceite de Oliva Virgen Extra CARBONELL",
    "description": "Aceite de Oliva Virgen Extra 1 L",
    "category": "Aceite de oliva virgen y virgen extra",
    "url": "https://tienda.consum.es/es/p/aceite-de-oliva-virgen-extra/7264617",
    "price": 7.05,
    "reference_price": 7.05,
    "iva": 5,
    "reference_unit": "1 L",
    "date": "2023-01-17"
  },
  {
    "id": 9536,
    "name": "Tampón Pearl Regular TAMPAX",
    "description": "Tampón Pearl Regular 24 U",
    "category": "Tampones",
    "url": "https://tienda.consum.es/es/p/tampon-pearl-regular/7265994",
    "price": 4.43,
    "reference_price": 0.18,
    "iva": 4,
    "reference_unit": "1 U",
    "date": "2023-01-17"
  },
  {
    "id": 9537,
    "name": "Tampón Pearl Súper TAMPAX",
    "description": "Tampón Pearl Súper 24 U",
    "category": "Tampones",
    "url": "https://tienda.consum.es/es/p/tampon-pearl-super/7265999",
    "price": 4.43,
    "reference_price": 0.18,
    "iva": 4,
    "reference_unit": "1 U",
    "date": "2023-01-17"
  },
  {
    "id": 9545,
    "name": "Chicles Stick Sabor Fresa TRIDENT",
    "description": "Chicles Stick Sabor Fresa 13,5 Gr",
    "category": "Chicles, caramelos y gominolas",
    "url": "https://tienda.consum.es/es/p/chicles-stick-sabor-fresa/1530963",
    "price": 0.95,
    "reference_price": 7.04,
    "iva": 10,
    "reference_unit": "100 Gr",
    "date": "2023-01-17"
  },
  {
    "id": 9548,
    "name": "Galleta Oreo Doble Crema LU",
    "description": "Galleta Oreo Doble Crema 185 Gr",
    "category": "Galletas",
    "url": "https://tienda.consum.es/es/p/galleta-oreo-doble-crema/7157725",
    "price": 1.95,
    "reference_price": 10.54,
    "iva": 10,
    "reference_unit": "1 Kg",
    "date": "2023-01-17"
  },
  {
    "id": 9550,
    "name": "Recambio Mini Spray Oceánico CONSUM",
    "description": "Recambio Mini Spray Oceánico 2 U",
    "category": "Aerosol spray o pistola",
    "url": "https://tienda.consum.es/es/p/recambio-mini-spray-oceanico/7182900",
    "price": 1.8,
    "reference_price": 0.9,
    "iva": 21,
    "reference_unit": "1 U",
    "date": "2023-01-17"
  },
  {
    "id": 9556,
    "name": "Brazo de Fresa CONSUM",
    "description": "Brazo de Fresa 300 Gr",
    "category": "Desayuno, dulces y café",
    "url": "https://tienda.consum.es/es/p/brazo-de-fresa/7259419",
    "price": 1.99,
    "reference_price": 6.63,
    "iva": 10,
    "reference_unit": "1 Kg",
    "date": "2023-01-17"
  },
  {
    "id": 9565,
    "name": "Vino Blanco D.O.Valencia BARON TURIS",
    "description": "Vino Blanco D.O.Valencia 0,75 L",
    "category": "Vinos d.o",
    "url": "https://tienda.consum.es/es/p/vino-blanco-dovalencia/128942",
    "price": 2.29,
    "reference_price": 3.05,
    "iva": 21,
    "reference_unit": "1 L",
    "date": "2023-01-17"
  },
  {
    "id": 9567,
    "name": "Sangría Brik DON SIMON",
    "description": "Sangría Brik 1 L",
    "category": "Sangrías y combinados base vino",
    "url": "https://tienda.consum.es/es/p/sangria-brik/301796",
    "price": 1.85,
    "reference_price": 1.85,
    "iva": 21,
    "reference_unit": "1 L",
    "date": "2023-01-17"
  },
  {
    "id": 9568,
    "name": "Vino Rosado de Mesa Brik DON SIMON",
    "description": "Vino Rosado de Mesa Brik 1 L",
    "category": "Mesa",
    "url": "https://tienda.consum.es/es/p/vino-rosado-de-mesa-brik/312132",
    "price": 1.6,
    "reference_price": 1.6,
    "iva": 21,
    "reference_unit": "1 L",
    "date": "2023-01-17"
  },
  {
    "id": 9569,
    "name": "Bebida Espirituosa VETERANO",
    "description": "Bebida Espirituosa 1 L",
    "category": "Licores y vermouth",
    "url": "https://tienda.consum.es/es/p/bebida-espirituosa/315366",
    "price": 9.25,
    "reference_price": 9.25,
    "iva": 21,
    "reference_unit": "1 L",
    "date": "2023-01-17"
  },
  {
    "id": 9570,
    "name": "Whisky Scotch Red J.WALKER",
    "description": "Whisky Scotch Red 0,7 L",
    "category": "Licores y vermouth",
    "url": "https://tienda.consum.es/es/p/whisky-scotch-red/315606",
    "price": 15,
    "reference_price": 21.43,
    "iva": 21,
    "reference_unit": "1 L",
    "date": "2023-01-17"
  },
  {
    "id": 9571,
    "name": "Whisky Scotch J&B",
    "description": "Whisky Scotch 0,7 L",
    "category": "Licores y vermouth",
    "url": "https://tienda.consum.es/es/p/whisky-scotch/315655",
    "price": 13,
    "reference_price": 18.57,
    "iva": 21,
    "reference_unit": "1 L",
    "date": "2023-01-17"
  },
  {
    "id": 9572,
    "name": "Crema de Whisky BAILEYS",
    "description": "Crema de Whisky 0,7 L",
    "category": "Licores y vermouth",
    "url": "https://tienda.consum.es/es/p/crema-de-whisky/317347",
    "price": 14.99,
    "reference_price": 21.41,
    "iva": 21,
    "reference_unit": "1 L",
    "date": "2023-01-17"
  },
  {
    "id": 9573,
    "name": "Vermouth Rojo MARTINI",
    "description": "Vermouth Rojo 1 L",
    "category": "Licores y vermouth",
    "url": "https://tienda.consum.es/es/p/vermouth-rojo/317628",
    "price": 8.5,
    "reference_price": 8.5,
    "iva": 21,
    "reference_unit": "1 L",
    "date": "2023-01-17"
  },
  {
    "id": 9574,
    "name": "Vino Tinto Reserva D.O.Valencia BARON TURIS",
    "description": "Vino Tinto Reserva D.O.Valencia 0,75 L",
    "category": "Vinos d.o",
    "url": "https://tienda.consum.es/es/p/vino-tinto-reserva-dovalencia/339911",
    "price": 3.79,
    "reference_price": 5.05,
    "iva": 21,
    "reference_unit": "1 L",
    "date": "2023-01-17"
  },
  {
    "id": 9576,
    "name": "Vino Tinto C.V.C. D.O.Rioja CAMPO VIEJO",
    "description": "Vino Tinto C.V.C. D.O.Rioja 0,75 L",
    "category": "Vinos d.o",
    "url": "https://tienda.consum.es/es/p/vino-tinto-cvc-dorioja/816884",
    "price": 4.1,
    "reference_price": 5.47,
    "iva": 21,
    "reference_unit": "1 L",
    "date": "2023-01-17"
  },
  {
    "id": 9578,
    "name": "Ginebra GORDON'S",
    "description": "Ginebra 0,7 L",
    "category": "Licores y vermouth",
    "url": "https://tienda.consum.es/es/p/ginebra/916460",
    "price": 10.99,
    "reference_price": 15.7,
    "iva": 21,
    "reference_unit": "1 L",
    "date": "2023-01-17"
  },
  {
    "id": 9579,
    "name": "Vino Tinto Joven D.O.Rioja FAUSTINO VII",
    "description": "Vino Tinto Joven D.O.Rioja 0,75 L",
    "category": "Vinos d.o",
    "url": "https://tienda.consum.es/es/p/vino-tinto-joven-dorioja/954615",
    "price": 3.99,
    "reference_price": 5.32,
    "iva": 21,
    "reference_unit": "1 L",
    "date": "2023-01-17"
  },
  {
    "id": 9581,
    "name": "Aerosol Repelente Insectos AUTAN",
    "description": "Aerosol Repelente Insectos 100 ml",
    "category": "Otros insecticidas",
    "url": "https://tienda.consum.es/es/p/aerosol-repelente-insectos/4390431",
    "price": 8.65,
    "reference_price": 8.65,
    "iva": 21,
    "reference_unit": "100 ml",
    "date": "2023-01-17"
  },
  {
    "id": 9583,
    "name": "Vermouth Blanco VIDAL",
    "description": "Vermouth Blanco 1 L",
    "category": "Licores y vermouth",
    "url": "https://tienda.consum.es/es/p/vermouth-blanco/7003189",
    "price": 2.25,
    "reference_price": 2.25,
    "iva": 21,
    "reference_unit": "1 L",
    "date": "2023-01-17"
  },
  {
    "id": 9584,
    "name": "Vino Tinto Garrafa VIÑA CORBA",
    "description": "Vino Tinto Garrafa 5 L",
    "category": "Mesa",
    "url": "https://tienda.consum.es/es/p/vino-tinto-garrafa/7017242",
    "price": 5.25,
    "reference_price": 1.05,
    "iva": 21,
    "reference_unit": "1 L",
    "date": "2023-01-17"
  },
  {
    "id": 9585,
    "name": "Chicle Grageado Sabor Menta TRIDENT",
    "description": "Chicle Grageado Sabor Menta 14,5 Gr",
    "category": "Chicles, caramelos y gominolas",
    "url": "https://tienda.consum.es/es/p/chicle-grageado-sabor-menta/7021264",
    "price": 0.95,
    "reference_price": 6.79,
    "iva": 10,
    "reference_unit": "100 Gr",
    "date": "2023-01-17"
  },
  {
    "id": 9586,
    "name": "Tinto de Verano Clásico Botella Pet SANDEVID",
    "description": "Tinto de Verano Clásico Botella Pet 1,5 L",
    "category": "Sangrías y combinados base vino",
    "url": "https://tienda.consum.es/es/p/tinto-de-verano-clasico-botella-pet/7047512",
    "price": 1.82,
    "reference_price": 1.21,
    "iva": 21,
    "reference_unit": "1 L",
    "date": "2023-01-17"
  },
  {
    "id": 9587,
    "name": "Tinto de Verano Limón Botella Pet SANDEVID",
    "description": "Tinto de Verano Limón Botella Pet 1,5 L",
    "category": "Sangrías y combinados base vino",
    "url": "https://tienda.consum.es/es/p/tinto-de-verano-limon-botella-pet/7047520",
    "price": 1.7,
    "reference_price": 1.13,
    "iva": 21,
    "reference_unit": "1 L",
    "date": "2023-01-17"
  },
  {
    "id": 9588,
    "name": "Horchata Granizada Pack de 4 Unidades MONZO",
    "description": "Horchata Granizada Pack de 4 Unidades 4 x 200 ml",
    "category": "Horchatas y granizados",
    "url": "https://tienda.consum.es/es/p/horchata-granizada-pack-de-4-unidades/7053556",
    "price": 2.39,
    "reference_price": 2.99,
    "iva": 10,
    "reference_unit": "1 L",
    "date": "2023-01-17"
  },
  {
    "id": 9589,
    "name": "Limón Granizado Pack de 4 Unidades MONZO",
    "description": "Limón Granizado Pack de 4 Unidades 4 x 200 ml",
    "category": "Horchatas y granizados",
    "url": "https://tienda.consum.es/es/p/limon-granizado-pack-de-4-unidades/7053564",
    "price": 2.39,
    "reference_price": 2.99,
    "iva": 10,
    "reference_unit": "1 L",
    "date": "2023-01-17"
  },
  {
    "id": 9590,
    "name": "Café Granizado Pack de 4 Unidades MONZO",
    "description": "Café Granizado Pack de 4 Unidades 4 x 200 ml",
    "category": "Horchatas y granizados",
    "url": "https://tienda.consum.es/es/p/cafe-granizado-pack-de-4-unidades/7053569",
    "price": 2.39,
    "reference_price": 2.99,
    "iva": 10,
    "reference_unit": "1 L",
    "date": "2023-01-17"
  },
  {
    "id": 9592,
    "name": "Comino Molido Tarro CONSUM",
    "description": "Comino Molido Tarro 45 Gr",
    "category": "Especias",
    "url": "https://tienda.consum.es/es/p/comino-molido-tarro/7067643",
    "price": 0.65,
    "reference_price": 1.44,
    "iva": 10,
    "reference_unit": "100 Gr",
    "date": "2023-01-17"
  },
  {
    "id": 9593,
    "name": "Cacao Soluble 0% Bote COLA CAO",
    "description": "Cacao Soluble 0% Bote 325 Gr",
    "category": "Cacao soluble",
    "url": "https://tienda.consum.es/es/p/cacao-soluble-0-bote/7073158",
    "price": 3.79,
    "reference_price": 11.66,
    "iva": 10,
    "reference_unit": "1 Kg",
    "date": "2023-01-17"
  },
  {
    "id": 9599,
    "name": "Vino Tinto Roble D.O.Ribera del Duero PROTOS",
    "description": "Vino Tinto Roble D.O.Ribera del Duero 0,75 L",
    "category": "Vinos d.o",
    "url": "https://tienda.consum.es/es/p/vino-tinto-roble-doribera-del-duero/7102358",
    "price": 8.95,
    "reference_price": 11.93,
    "iva": 21,
    "reference_unit": "1 L",
    "date": "2023-01-17"
  },
  {
    "id": 9601,
    "name": "Vino Blanco Semi Dulce D.O.Valencia JARDIN REAL",
    "description": "Vino Blanco Semi Dulce D.O.Valencia 0,75 L",
    "category": "Vinos d.o",
    "url": "https://tienda.consum.es/es/p/vino-blanco-semi-dulce-dovalencia/7109465",
    "price": 2,
    "reference_price": 2.67,
    "iva": 21,
    "reference_unit": "1 L",
    "date": "2023-01-17"
  },
  {
    "id": 9604,
    "name": "Magnum Mini Almendras Pack de 6 Unidades FRIGO",
    "description": "Magnum Mini Almendras Pack de 6 Unidades 6 x 46 Gr",
    "category": "Bombones",
    "url": "https://tienda.consum.es/es/p/magnum-mini-almendras-pack-de-6-unidades/7148570",
    "price": 4.69,
    "reference_price": 16.99,
    "iva": 10,
    "reference_unit": "1 Kg",
    "date": "2023-01-17"
  },
  {
    "id": 9607,
    "name": "Margaritas con Vegetales Paquete CONSUM",
    "description": "Margaritas con Vegetales Paquete 500 Gr",
    "category": "Otras pastas secas",
    "url": "https://tienda.consum.es/es/p/margaritas-con-vegetales-paquete/7150894",
    "price": 0.95,
    "reference_price": 1.9,
    "iva": 5,
    "reference_unit": "1 Kg",
    "date": "2023-01-17"
  },
  {
    "id": 9610,
    "name": "Insecticida Friegasuelos DESIC",
    "description": "Insecticida Friegasuelos 750 ml",
    "category": "Otros insecticidas",
    "url": "https://tienda.consum.es/es/p/insecticida-friegasuelos/7170298",
    "price": 3.95,
    "reference_price": 5.27,
    "iva": 21,
    "reference_unit": "1 L",
    "date": "2023-01-17"
  },
  {
    "id": 9612,
    "name": "TéSlim Caja HORNIMANS",
    "description": "TéSlim Caja 20 U",
    "category": "Otras infusiones",
    "url": "https://tienda.consum.es/es/p/teslim-caja/7176290",
    "price": 2.79,
    "reference_price": 0.14,
    "iva": 10,
    "reference_unit": "1 U",
    "date": "2023-01-17"
  },
  {
    "id": 9613,
    "name": "Tinto de Verano Limón LA CASERA",
    "description": "Tinto de Verano Limón 1,5 L",
    "category": "Sangrías y combinados base vino",
    "url": "https://tienda.consum.es/es/p/tinto-de-verano-limon/7177202",
    "price": 2.25,
    "reference_price": 1.5,
    "iva": 21,
    "reference_unit": "1 L",
    "date": "2023-01-17"
  },
  {
    "id": 9614,
    "name": "Tinto de Verano Clasico LA CASERA",
    "description": "Tinto de Verano Clasico 1,5 L",
    "category": "Sangrías y combinados base vino",
    "url": "https://tienda.consum.es/es/p/tinto-de-verano-clasico/7177228",
    "price": 2.25,
    "reference_price": 1.5,
    "iva": 21,
    "reference_unit": "1 L",
    "date": "2023-01-17"
  },
  {
    "id": 9621,
    "name": "Polo Sorbete Horchata Pack de 6 Und. 420 Ml. CONSUM",
    "description": "Polo Sorbete Horchata Pack de 6 Und. 420 Ml. 384 Gr",
    "category": "Polos",
    "url": "https://tienda.consum.es/es/p/polo-sorbete-horchata-pack-de-6-und-420-ml/7192755",
    "price": 2.29,
    "reference_price": 5.96,
    "iva": 10,
    "reference_unit": "1 Kg",
    "date": "2023-01-17"
  },
  {
    "id": 9622,
    "name": "Caffè Latte Descafeinado KAIKU",
    "description": "Caffè Latte Descafeinado 230 ml",
    "category": "Batidos y cafés",
    "url": "https://tienda.consum.es/es/p/caffe-latte-descafeinado/7194330",
    "price": 1.69,
    "reference_price": 7.35,
    "iva": 10,
    "reference_unit": "1 L",
    "date": "2023-01-17"
  },
  {
    "id": 9624,
    "name": "Galleta Digestive FONTANEDA",
    "description": "Galleta Digestive 700 Gr",
    "category": "Galletas saludables",
    "url": "https://tienda.consum.es/es/p/galleta-digestive/7194509",
    "price": 3.75,
    "reference_price": 5.36,
    "iva": 10,
    "reference_unit": "1 Kg",
    "date": "2023-01-17"
  },
  {
    "id": 9625,
    "name": "Tinto de Verano Limón 0,0 sin Alcohol Lata LA CASERA",
    "description": "Tinto de Verano Limón 0,0 sin Alcohol Lata 0,33 L",
    "category": "Sangrías y combinados base vino",
    "url": "https://tienda.consum.es/es/p/tinto-de-verano-limon-00-sin-alcohol-lata/7195154",
    "price": 0.85,
    "reference_price": 2.58,
    "iva": 21,
    "reference_unit": "1 L",
    "date": "2023-01-17"
  },
  {
    "id": 9627,
    "name": "Vino Blanco D.O.Rioja EL COTO",
    "description": "Vino Blanco D.O.Rioja 0,75 L",
    "category": "Vinos d.o",
    "url": "https://tienda.consum.es/es/p/vino-blanco-dorioja/7199453",
    "price": 4.15,
    "reference_price": 5.53,
    "iva": 21,
    "reference_unit": "1 L",
    "date": "2023-01-17"
  },
  {
    "id": 9628,
    "name": "Frizzante Rosso Dolce Sangue Di Giuda B.MARTI",
    "description": "Frizzante Rosso Dolce Sangue Di Giuda 0,75 L",
    "category": "Internacional",
    "url": "https://tienda.consum.es/es/p/frizzante-rosso-dolce-sangue-di-giuda/7209328",
    "price": 4.75,
    "reference_price": 6.33,
    "iva": 21,
    "reference_unit": "1 L",
    "date": "2023-01-17"
  },
  {
    "id": 9629,
    "name": "Caffè Latte Vainilla KAIKU",
    "description": "Caffè Latte Vainilla 230 ml",
    "category": "Batidos y cafés",
    "url": "https://tienda.consum.es/es/p/caffe-latte-vainilla/7214851",
    "price": 1.69,
    "reference_price": 7.35,
    "iva": 10,
    "reference_unit": "1 L",
    "date": "2023-01-17"
  },
  {
    "id": 9631,
    "name": "Aceituna Cacereña Negra Sin Hueso JOLCA",
    "description": "Aceituna Cacereña Negra Sin Hueso 150 Gr",
    "category": "Aceitunas sin hueso",
    "url": "https://tienda.consum.es/es/p/aceituna-cacerena-negra-sin-hueso/7215515",
    "price": 1.75,
    "reference_price": 11.67,
    "iva": 10,
    "reference_unit": "1 Kg",
    "date": "2023-01-17"
  },
  {
    "id": 9638,
    "name": "Whisky Scotch CUTTY SARK",
    "description": "Whisky Scotch 1 L",
    "category": "Licores y vermouth",
    "url": "https://tienda.consum.es/es/p/whisky-scotch/7228492",
    "price": 15.39,
    "reference_price": 15.39,
    "iva": 21,
    "reference_unit": "1 L",
    "date": "2023-01-17"
  },
  {
    "id": 9640,
    "name": "Lomo Adobado Extra CONSUM",
    "description": "Lomo Adobado Extra",
    "category": "Cerdo",
    "url": "https://tienda.consum.es/es/p/lomo-adobado-extra/7237100",
    "price": 2.44,
    "reference_price": 6.95,
    "iva": 10,
    "reference_unit": "1 Kg",
    "date": "2023-01-17"
  },
  {
    "id": 9642,
    "name": "Ron Añejo Dominicano CALIBRE 38",
    "description": "Ron Añejo Dominicano 0,7 L",
    "category": "Licores y vermouth",
    "url": "https://tienda.consum.es/es/p/ron-anejo-dominicano/7237944",
    "price": 5.99,
    "reference_price": 8.56,
    "iva": 21,
    "reference_unit": "1 L",
    "date": "2023-01-17"
  },
  {
    "id": 9645,
    "name": "Licor Vodka Blue SHARUSKA",
    "description": "Licor Vodka Blue 0,7 L",
    "category": "Licores y vermouth",
    "url": "https://tienda.consum.es/es/p/licor-vodka-blue/7239676",
    "price": 6,
    "reference_price": 8.57,
    "iva": 21,
    "reference_unit": "1 L",
    "date": "2023-01-17"
  },
  {
    "id": 9657,
    "name": "Gazpacho Original ALVALLE",
    "description": "Gazpacho Original 500 ml",
    "category": "Gazpacho",
    "url": "https://tienda.consum.es/es/p/gazpacho-original/7242667",
    "price": 2.1,
    "reference_price": 4.2,
    "iva": 10,
    "reference_unit": "1 L",
    "date": "2023-01-17"
  },
  {
    "id": 9661,
    "name": "Vino Rosado de Mesa Botella ROIXELA",
    "description": "Vino Rosado de Mesa Botella 1 L",
    "category": "Mesa",
    "url": "https://tienda.consum.es/es/p/vino-rosado-de-mesa-botella/7256084",
    "price": 1.49,
    "reference_price": 1.49,
    "iva": 21,
    "reference_unit": "1 L",
    "date": "2023-01-17"
  },
  {
    "id": 9664,
    "name": "Vino Blanco de Mesa Brik PEÑASOL",
    "description": "Vino Blanco de Mesa Brik 1 L",
    "category": "Mesa",
    "url": "https://tienda.consum.es/es/p/vino-blanco-de-mesa-brik/7257376",
    "price": 1.39,
    "reference_price": 1.39,
    "iva": 21,
    "reference_unit": "1 L",
    "date": "2023-01-17"
  },
  {
    "id": 9667,
    "name": "Pouche Hero Baby Multifrutas y Galleta HERO",
    "description": "Pouche Hero Baby Multifrutas y Galleta 100 Gr",
    "category": "Alimentación infantil",
    "url": "https://tienda.consum.es/es/p/pouche-hero-baby-multifrutas-y-galleta/7264260",
    "price": 0.99,
    "reference_price": 9.9,
    "iva": 10,
    "reference_unit": "1 Kg",
    "date": "2023-01-17"
  },
  {
    "id": 9668,
    "name": "Salapipas Bolsa 4 Paquetes VELARTE",
    "description": "Salapipas Bolsa 4 Paquetes 4 x 40 Gr",
    "category": "Rosquilletas, picos y snacks",
    "url": "https://tienda.consum.es/es/p/salapipas-bolsa-4-paquetes/7264732",
    "price": 2.39,
    "reference_price": 14.94,
    "iva": 10,
    "reference_unit": "1 Kg",
    "date": "2023-01-17"
  },
  {
    "id": 9669,
    "name": "Saladitos Bolsa 4 Paquetes VELARTE",
    "description": "Saladitos Bolsa 4 Paquetes 4 x 30 Gr",
    "category": "Rosquilletas, picos y snacks",
    "url": "https://tienda.consum.es/es/p/saladitos-bolsa-4-paquetes/7264740",
    "price": 1.59,
    "reference_price": 13.25,
    "iva": 10,
    "reference_unit": "1 Kg",
    "date": "2023-01-17"
  },
  {
    "id": 9671,
    "name": "Enjuague Bucal Pro Expert ORAL B",
    "description": "Enjuague Bucal Pro Expert 500 ml",
    "category": "Antisépticos y enjuagues",
    "url": "https://tienda.consum.es/es/p/enjuague-bucal-pro-expert/7265650",
    "price": 4.99,
    "reference_price": 1,
    "iva": 21,
    "reference_unit": "100 ml",
    "date": "2023-01-17"
  },
  {
    "id": 9672,
    "name": "Cerveza Botella Cristal Pack 12 AMSTEL",
    "description": "Cerveza Botella Cristal Pack 12 12 x 0,25 L",
    "category": "Nacional botella",
    "url": "https://tienda.consum.es/es/p/cerveza-botella-cristal-pack-12/7265924",
    "price": 6.12,
    "reference_price": 2.04,
    "iva": 21,
    "reference_unit": "1 L",
    "date": "2023-01-17"
  },
  {
    "id": 9674,
    "name": "Tinto de Verano Limón 0,0%Azúcar 0,0%Alcohol DON SIMON",
    "description": "Tinto de Verano Limón 0,0%Azúcar 0,0%Alcohol 1,5 L",
    "category": "Sangrías y combinados base vino",
    "url": "https://tienda.consum.es/es/p/tinto-de-verano-limon-00azucar-00alcohol/7266299",
    "price": 1.45,
    "reference_price": 0.97,
    "iva": 21,
    "reference_unit": "1 L",
    "date": "2023-01-17"
  },
  {
    "id": 9676,
    "name": "Sangría Brik PEÑASOL",
    "description": "Sangría Brik 1 L",
    "category": "Sangrías y combinados base vino",
    "url": "https://tienda.consum.es/es/p/sangria-brik/7266740",
    "price": 1.15,
    "reference_price": 1.15,
    "iva": 21,
    "reference_unit": "1 L",
    "date": "2023-01-17"
  },
  {
    "id": 9685,
    "name": "Prep. Lácteo Omega 3 Sin Lactosa Brik PULEVA",
    "description": "Prep. Lácteo Omega 3 Sin Lactosa Brik 1 L",
    "category": "Leches especiales",
    "url": "https://tienda.consum.es/es/p/prep-lacteo-omega-3-sin-lactosa-brik/7267842",
    "price": 1.85,
    "reference_price": 1.85,
    "iva": 10,
    "reference_unit": "1 L",
    "date": "2023-01-17"
  },
  {
    "id": 9687,
    "name": "Pañal Recién Nacido T.0 hasta 2.5 Kilos DODOT",
    "description": "Pañal Recién Nacido T.0 hasta 2.5 Kilos 24 U",
    "category": "Bebé: Talla de 0 a 3",
    "url": "https://tienda.consum.es/es/p/panal-recien-nacido-t0-hasta-25-kilos/7268126",
    "price": 8.95,
    "reference_price": 0.37,
    "iva": 21,
    "reference_unit": "1 U",
    "date": "2023-01-17"
  },
  {
    "id": 9688,
    "name": "Refresco Guaraná ANTARCTICA",
    "description": "Refresco Guaraná 0,33 L",
    "category": "Refrescos",
    "url": "https://tienda.consum.es/es/p/refresco-guarana/7268639",
    "price": 0.79,
    "reference_price": 2.39,
    "iva": 21,
    "reference_unit": "1 L",
    "date": "2023-01-17"
  },
  {
    "id": 9695,
    "name": "Batido Chocolate Pack 6 PASCUAL",
    "description": "Batido Chocolate Pack 6 6 x 200 ml",
    "category": "Batidos y cafés",
    "url": "https://tienda.consum.es/es/p/batido-chocolate-pack-6/7269504",
    "price": 2.49,
    "reference_price": 2.08,
    "iva": 10,
    "reference_unit": "1 L",
    "date": "2023-01-17"
  },
  {
    "id": 9701,
    "name": "Lomos de Salmón Noruego ",
    "description": "Lomos de Salmón Noruego 300 Gr",
    "category": "Pescado en bandeja",
    "url": "https://tienda.consum.es/es/p/lomos-de-salmon-noruego/7269561",
    "price": 7.89,
    "reference_price": 26.3,
    "iva": 10,
    "reference_unit": "1 Kg",
    "date": "2023-01-17"
  },
  {
    "id": 9706,
    "name": "Gel Coco NAT.HONEY",
    "description": "Gel Coco 75 ml",
    "category": "Gel de baño",
    "url": "https://tienda.consum.es/es/p/gel-coco/7269673",
    "price": 1.19,
    "reference_price": 1.59,
    "iva": 21,
    "reference_unit": "100 ml",
    "date": "2023-01-17"
  },
  {
    "id": 9707,
    "name": "Filete de Lubina ",
    "description": "Filete de Lubina 200 Gr",
    "category": "Pescado en bandeja",
    "url": "https://tienda.consum.es/es/p/filete-de-lubina/7269939",
    "price": 4.78,
    "reference_price": 23.9,
    "iva": 10,
    "reference_unit": "1 Kg",
    "date": "2023-01-17"
  },
  {
    "id": 9708,
    "name": "Filete de Dorada ",
    "description": "Filete de Dorada 200 Gr",
    "category": "Pescado en bandeja",
    "url": "https://tienda.consum.es/es/p/filete-de-dorada/7269967",
    "price": 4.78,
    "reference_price": 23.9,
    "iva": 10,
    "reference_unit": "1 Kg",
    "date": "2023-01-17"
  },
  {
    "id": 9710,
    "name": "Deo Dove Crema DOVE",
    "description": "Deo Dove Crema 50 ml",
    "category": "Crema y barra",
    "url": "https://tienda.consum.es/es/p/deo-dove-crema/7270031",
    "price": 2.3,
    "reference_price": 4.6,
    "iva": 21,
    "reference_unit": "100 ml",
    "date": "2023-01-17"
  },
  {
    "id": 9717,
    "name": "Marineras Salmón y Merluza ",
    "description": "Marineras Salmón y Merluza 2 x 80 Gr",
    "category": "Pescadería",
    "url": "https://tienda.consum.es/es/p/marineras-salmon-y-merluza/7246986",
    "price": 2.95,
    "reference_price": 18.44,
    "iva": 10,
    "reference_unit": "1 Kg",
    "date": "2023-01-17"
  },
  {
    "id": 9730,
    "name": "Cacao Instantáneo Turbo COLA CAO",
    "description": "Cacao Instantáneo Turbo 375 Gr",
    "category": "Cacao soluble",
    "url": "https://tienda.consum.es/es/p/cacao-instantaneo-turbo/3287273",
    "price": 3.29,
    "reference_price": 8.77,
    "iva": 10,
    "reference_unit": "1 Kg",
    "date": "2023-01-17"
  },
  {
    "id": 9731,
    "name": "Maquinilla Xtreme 3 Desechable WILKINSON",
    "description": "Maquinilla Xtreme 3 Desechable 4 U",
    "category": "Maquinillas de afeitar",
    "url": "https://tienda.consum.es/es/p/maquinilla-xtreme-3-desechable/3311149",
    "price": 6.49,
    "reference_price": 1.62,
    "iva": 21,
    "reference_unit": "1 U",
    "date": "2023-01-17"
  },
  {
    "id": 9734,
    "name": "Rosquilletas Cereales Plus VELARTE",
    "description": "Rosquilletas Cereales Plus 80 Gr",
    "category": "Rosquilletas, picos y snacks",
    "url": "https://tienda.consum.es/es/p/rosquilletas-cereales-plus/7022643",
    "price": 1.09,
    "reference_price": 13.63,
    "iva": 10,
    "reference_unit": "1 Kg",
    "date": "2023-01-17"
  },
  {
    "id": 9735,
    "name": "Queso Fresco sin Sal Pack de 4 Unidades CONSUM",
    "description": "Queso Fresco sin Sal Pack de 4 Unidades 4 x 62,5 Gr",
    "category": "Frescos y para ensaladas",
    "url": "https://tienda.consum.es/es/p/queso-fresco-sin-sal-pack-de-4-unidades/7034411",
    "price": 1.44,
    "reference_price": 5.76,
    "iva": 0,
    "reference_unit": "1 Kg",
    "date": "2023-01-17"
  },
  {
    "id": 9737,
    "name": "Palitos de Patatas Bolsa CONSUM",
    "description": "Palitos de Patatas Bolsa 75 Gr",
    "category": "Snacks y otros aperitivos",
    "url": "https://tienda.consum.es/es/p/palitos-de-patatas-bolsa/7056398",
    "price": 0.85,
    "reference_price": 11.33,
    "iva": 10,
    "reference_unit": "1 Kg",
    "date": "2023-01-17"
  },
  {
    "id": 9738,
    "name": "Maíz Gigante Frito Bolsa CONSUM",
    "description": "Maíz Gigante Frito Bolsa 250 Gr",
    "category": "Maíz tostado y cocktail",
    "url": "https://tienda.consum.es/es/p/maiz-gigante-frito-bolsa/7056583",
    "price": 1.59,
    "reference_price": 6.36,
    "iva": 10,
    "reference_unit": "1 Kg",
    "date": "2023-01-17"
  },
  {
    "id": 9742,
    "name": "Cortezas Morro-Torrezno Bolsa CONSUM",
    "description": "Cortezas Morro-Torrezno Bolsa 150 Gr",
    "category": "Snacks y otros aperitivos",
    "url": "https://tienda.consum.es/es/p/cortezas-morro-torrezno-bolsa/7062029",
    "price": 1.75,
    "reference_price": 11.67,
    "iva": 10,
    "reference_unit": "1 Kg",
    "date": "2023-01-17"
  },
  {
    "id": 9744,
    "name": "Magdalenas Redondas CONSUM",
    "description": "Magdalenas Redondas 350 Gr",
    "category": "Bollería industrial",
    "url": "https://tienda.consum.es/es/p/magdalenas-redondas/7069776",
    "price": 1.39,
    "reference_price": 3.97,
    "iva": 10,
    "reference_unit": "1 Kg",
    "date": "2023-01-17"
  },
  {
    "id": 9745,
    "name": "Galletas Rellenas de Crema con Chocolate CONSUM",
    "description": "Galletas Rellenas de Crema con Chocolate 252 Gr",
    "category": "Galletas",
    "url": "https://tienda.consum.es/es/p/galletas-rellenas-de-crema-con-chocolate/7076821",
    "price": 1.39,
    "reference_price": 5.52,
    "iva": 10,
    "reference_unit": "1 Kg",
    "date": "2023-01-17"
  },
  {
    "id": 9746,
    "name": "Chococream CONSUM",
    "description": "Chococream 176 Gr",
    "category": "Galletas de chocolate",
    "url": "https://tienda.consum.es/es/p/chococream/7076826",
    "price": 0.68,
    "reference_price": 3.86,
    "iva": 10,
    "reference_unit": "1 Kg",
    "date": "2023-01-17"
  },
  {
    "id": 9750,
    "name": "Ensalada Gourmet Bolsa CONSUM",
    "description": "Ensalada Gourmet Bolsa 175 Gr",
    "category": "Ensaladas y brotes",
    "url": "https://tienda.consum.es/es/p/ensalada-gourmet-bolsa/7100667",
    "price": 1.01,
    "reference_price": 5.77,
    "iva": 0,
    "reference_unit": "1 Kg",
    "date": "2023-01-17"
  },
  {
    "id": 9754,
    "name": "Magdalenas Redondas 10 Unidades BELLA EASO",
    "description": "Magdalenas Redondas 10 Unidades 290 Gr",
    "category": "Bollería industrial",
    "url": "https://tienda.consum.es/es/p/magdalenas-redondas-10-unidades/7141310",
    "price": 1.99,
    "reference_price": 6.86,
    "iva": 10,
    "reference_unit": "1 Kg",
    "date": "2023-01-17"
  },
  {
    "id": 9757,
    "name": "Postre Gelificado Sabor Multifrutas Pack 6 CONSUM",
    "description": "Postre Gelificado Sabor Multifrutas Pack 6 6 x 100 Gr",
    "category": "Gelatina",
    "url": "https://tienda.consum.es/es/p/postre-gelificado-sabor-multifrutas-pack-6/7167067",
    "price": 1.05,
    "reference_price": 1.75,
    "iva": 10,
    "reference_unit": "1 Kg",
    "date": "2023-01-17"
  },
  {
    "id": 9762,
    "name": "Collar Repelente Perro Pulga Mosquito Garrapa. DIXIE",
    "description": "Collar Repelente Perro Pulga Mosquito Garrapa. 1 U",
    "category": "Accesorios",
    "url": "https://tienda.consum.es/es/p/collar-repelente-perro-pulga-mosquito-garrapa/7177777",
    "price": 4.29,
    "reference_price": 4.29,
    "iva": 21,
    "reference_unit": "1 U",
    "date": "2023-01-17"
  },
  {
    "id": 9765,
    "name": "Galletas Principe Estrella con Chocolate Blanco LU",
    "description": "Galletas Principe Estrella con Chocolate Blanco 225 Gr",
    "category": "Galletas de chocolate",
    "url": "https://tienda.consum.es/es/p/galletas-principe-estrella-con-chocolate-blanco/7185361",
    "price": 2.45,
    "reference_price": 10.89,
    "iva": 10,
    "reference_unit": "1 Kg",
    "date": "2023-01-17"
  },
  {
    "id": 9766,
    "name": "Torta de Aceite INES ROSALES",
    "description": "Torta de Aceite 180 Gr",
    "category": "Bollería industrial",
    "url": "https://tienda.consum.es/es/p/torta-de-aceite/7193188",
    "price": 1.79,
    "reference_price": 9.94,
    "iva": 10,
    "reference_unit": "1 Kg",
    "date": "2023-01-17"
  },
  {
    "id": 9767,
    "name": "Galleta Tosta Rica Oceanix CUETARA",
    "description": "Galleta Tosta Rica Oceanix 480 Gr",
    "category": "Desayuno y merienda infantil",
    "url": "https://tienda.consum.es/es/p/galleta-tosta-rica-oceanix/7194525",
    "price": 4.79,
    "reference_price": 9.98,
    "iva": 10,
    "reference_unit": "1 Kg",
    "date": "2023-01-17"
  },
  {
    "id": 9769,
    "name": "Bizcocho Cake&choc MILKA",
    "description": "Bizcocho Cake&choc 175 Gr",
    "category": "Desayuno y merienda infantil",
    "url": "https://tienda.consum.es/es/p/bizcocho-cakechoc/7200137",
    "price": 2.8,
    "reference_price": 16,
    "iva": 10,
    "reference_unit": "1 Kg",
    "date": "2023-01-17"
  },
  {
    "id": 9771,
    "name": "Ensaladilla Rusa con Atún CONSUM",
    "description": "Ensaladilla Rusa con Atún 750 Gr",
    "category": "Ensaladas y humus",
    "url": "https://tienda.consum.es/es/p/ensaladilla-rusa-con-atun/7203540",
    "price": 3.19,
    "reference_price": 4.25,
    "iva": 10,
    "reference_unit": "1 Kg",
    "date": "2023-01-17"
  },
  {
    "id": 9773,
    "name": "Yatekomo Pollo con Soja Bolsa G.BLANCA",
    "description": "Yatekomo Pollo con Soja Bolsa 79 Gr",
    "category": "Preparados en sobre",
    "url": "https://tienda.consum.es/es/p/yatekomo-pollo-con-soja-bolsa/7209286",
    "price": 0.89,
    "reference_price": 11.27,
    "iva": 10,
    "reference_unit": "1 Kg",
    "date": "2023-01-17"
  },
  {
    "id": 9776,
    "name": "Lasaña Vegetal congelada MAHESO",
    "description": "Lasaña Vegetal congelada 300 Gr",
    "category": "Canelones y lasañas",
    "url": "https://tienda.consum.es/es/p/lasana-vegetal-congelada/7213106",
    "price": 2.79,
    "reference_price": 9.3,
    "iva": 10,
    "reference_unit": "1 Kg",
    "date": "2023-01-17"
  },
  {
    "id": 9777,
    "name": "Galleta Sandwich Chocolate sin Azúcares GULLON ZERO",
    "description": "Galleta Sandwich Chocolate sin Azúcares 250 Gr",
    "category": "Galletas de chocolate",
    "url": "https://tienda.consum.es/es/p/galleta-sandwich-chocolate-sin-azucares/7213551",
    "price": 2.05,
    "reference_price": 8.2,
    "iva": 10,
    "reference_unit": "1 Kg",
    "date": "2023-01-17"
  },
  {
    "id": 9778,
    "name": "Refresco Naranja Florida Botellín SUNNY",
    "description": "Refresco Naranja Florida Botellín 0,31 L",
    "category": "Refrescos sin gas",
    "url": "https://tienda.consum.es/es/p/refresco-naranja-florida-botellin/7217250",
    "price": 0.86,
    "reference_price": 2.77,
    "iva": 21,
    "reference_unit": "1 L",
    "date": "2023-01-17"
  },
  {
    "id": 9780,
    "name": "Paté Suave Natural Pack de 2 LA PIARA",
    "description": "Paté Suave Natural Pack de 2 2 x 75 Gr",
    "category": "Patés y untables",
    "url": "https://tienda.consum.es/es/p/pate-suave-natural-pack-de-2/7218399",
    "price": 1,
    "reference_price": 6.67,
    "iva": 10,
    "reference_unit": "1 Kg",
    "date": "2023-01-17"
  },
  {
    "id": 9782,
    "name": "Salsa Basilico Tarro BARILLA",
    "description": "Salsa Basilico Tarro 400 Gr",
    "category": "Otras salsas",
    "url": "https://tienda.consum.es/es/p/salsa-basilico-tarro/7220598",
    "price": 2.99,
    "reference_price": 7.48,
    "iva": 10,
    "reference_unit": "1 Kg",
    "date": "2023-01-17"
  },
  {
    "id": 9783,
    "name": "Galletas Príncipe Maxi Choc LU",
    "description": "Galletas Príncipe Maxi Choc 250 Gr",
    "category": "Galletas de chocolate",
    "url": "https://tienda.consum.es/es/p/galletas-principe-maxi-choc/7220945",
    "price": 2.25,
    "reference_price": 9,
    "iva": 10,
    "reference_unit": "1 Kg",
    "date": "2023-01-17"
  },
  {
    "id": 9787,
    "name": "Crema de Calabacín Brik CONSUM",
    "description": "Crema de Calabacín Brik 0,5 L",
    "category": "Cremas",
    "url": "https://tienda.consum.es/es/p/crema-de-calabacin-brik/7226780",
    "price": 1.1,
    "reference_price": 2.2,
    "iva": 10,
    "reference_unit": "1 L",
    "date": "2023-01-17"
  },
  {
    "id": 9788,
    "name": "De la Huerta Ravioli Calabaza y Cebolla RANA",
    "description": "De la Huerta Ravioli Calabaza y Cebolla 250 Gr",
    "category": "Pasta fresca",
    "url": "https://tienda.consum.es/es/p/de-la-huerta-ravioli-calabaza-y-cebolla/7230071",
    "price": 3.77,
    "reference_price": 15.08,
    "iva": 5,
    "reference_unit": "1 Kg",
    "date": "2023-01-17"
  },
  {
    "id": 9790,
    "name": "Galleta Caramelizada 12 Packs de 2 Unidades LOTUS",
    "description": "Galleta Caramelizada 12 Packs de 2 Unidades 187 Gr",
    "category": "Desayuno y maría",
    "url": "https://tienda.consum.es/es/p/galleta-caramelizada-12-packs-de-2-unidades/7233039",
    "price": 1.5,
    "reference_price": 8.02,
    "iva": 10,
    "reference_unit": "1 Kg",
    "date": "2023-01-17"
  },
  {
    "id": 9791,
    "name": "Galleta Artichoco Paquete ARTIACH",
    "description": "Galleta Artichoco Paquete 210 Gr",
    "category": "Wafer y barquillos",
    "url": "https://tienda.consum.es/es/p/galleta-artichoco-paquete/7234169",
    "price": 2.55,
    "reference_price": 12.14,
    "iva": 10,
    "reference_unit": "1 Kg",
    "date": "2023-01-17"
  },
  {
    "id": 9792,
    "name": "Centeno 16% y Espelta 3% ",
    "description": "Centeno 16% y Espelta 3% 115 Gr",
    "category": "Pan de horno",
    "url": "https://tienda.consum.es/es/p/centeno-16-y-espelta-3/7238673",
    "price": 0.89,
    "reference_price": 7.74,
    "iva": 10,
    "reference_unit": "1 Kg",
    "date": "2023-01-17"
  },
  {
    "id": 9793,
    "name": "Galleta Dinosaurus Choco Leche ARTIACH",
    "description": "Galleta Dinosaurus Choco Leche 340 Gr",
    "category": "Galletas de chocolate",
    "url": "https://tienda.consum.es/es/p/galleta-dinosaurus-choco-leche/7239259",
    "price": 3.99,
    "reference_price": 11.74,
    "iva": 10,
    "reference_unit": "1 Kg",
    "date": "2023-01-17"
  },
  {
    "id": 9794,
    "name": "Galletas Dinosaurus Huevos Caja 4 Packs ARTIACH",
    "description": "Galletas Dinosaurus Huevos Caja 4 Packs 140 Gr",
    "category": "Desayuno y merienda infantil",
    "url": "https://tienda.consum.es/es/p/galletas-dinosaurus-huevos-caja-4-packs/7239262",
    "price": 2.49,
    "reference_price": 17.79,
    "iva": 10,
    "reference_unit": "1 Kg",
    "date": "2023-01-17"
  },
  {
    "id": 9795,
    "name": "Galletas Campurrianas 0% Azúcares Añadidos CUETARA",
    "description": "Galletas Campurrianas 0% Azúcares Añadidos 400 Gr",
    "category": "Desayuno y maría",
    "url": "https://tienda.consum.es/es/p/galletas-campurrianas-0-azucares-anadidos/7239288",
    "price": 3.95,
    "reference_price": 9.88,
    "iva": 10,
    "reference_unit": "1 Kg",
    "date": "2023-01-17"
  },
  {
    "id": 9800,
    "name": "Lentejas con Verduras Lata LITORAL",
    "description": "Lentejas con Verduras Lata 425 Gr",
    "category": "Conservas",
    "url": "https://tienda.consum.es/es/p/lentejas-con-verduras-lata/7240802",
    "price": 1.85,
    "reference_price": 4.35,
    "iva": 10,
    "reference_unit": "1 Kg",
    "date": "2023-01-17"
  },
  {
    "id": 9806,
    "name": "Máquina de Afeitar 3H Desechable NEXTGEN",
    "description": "Máquina de Afeitar 3H Desechable 4 U",
    "category": "Maquinillas de afeitar",
    "url": "https://tienda.consum.es/es/p/maquina-de-afeitar-3h-desechable/7249340",
    "price": 1.95,
    "reference_price": 0.49,
    "iva": 21,
    "reference_unit": "1 U",
    "date": "2023-01-17"
  },
  {
    "id": 9807,
    "name": "Galletas Desayuno con Leche y 5 Cereales CONSUM",
    "description": "Galletas Desayuno con Leche y 5 Cereales 400 Gr",
    "category": "Desayuno y maría",
    "url": "https://tienda.consum.es/es/p/galletas-desayuno-con-leche-y-5-cereales/7250822",
    "price": 1.69,
    "reference_price": 4.23,
    "iva": 10,
    "reference_unit": "1 Kg",
    "date": "2023-01-17"
  },
  {
    "id": 9814,
    "name": "Natillas con Galleta Pack de 8 Unidades REINA",
    "description": "Natillas con Galleta Pack de 8 Unidades 8 x 125 Gr",
    "category": "Natillas",
    "url": "https://tienda.consum.es/es/p/natillas-con-galleta-pack-de-8-unidades/7254639",
    "price": 3.25,
    "reference_price": 3.25,
    "iva": 10,
    "reference_unit": "1 Kg",
    "date": "2023-01-17"
  },
  {
    "id": 9816,
    "name": "Pan de Molde Centeno DULCESOL",
    "description": "Pan de Molde Centeno 800 Gr",
    "category": "Con corteza",
    "url": "https://tienda.consum.es/es/p/pan-de-molde-centeno/7254907",
    "price": 2.45,
    "reference_price": 3.06,
    "iva": 10,
    "reference_unit": "1 Kg",
    "date": "2023-01-17"
  },
  {
    "id": 9825,
    "name": "Crunchy de Pollo con Salsa Barbacoa congelat FRIPOZO",
    "description": "Crunchy de Pollo con Salsa Barbacoa congelat 300 Gr",
    "category": "Platos preparados",
    "url": "https://tienda.consum.es/es/p/crunchy-de-pollo-con-salsa-barbacoa-congelat/7260276",
    "price": 2.45,
    "reference_price": 8.17,
    "iva": 10,
    "reference_unit": "1 Kg",
    "date": "2023-01-17"
  },
  {
    "id": 9827,
    "name": "Salsa Allioli Pet CHOVI",
    "description": "Salsa Allioli Pet 250 ml",
    "category": "Otras salsas",
    "url": "https://tienda.consum.es/es/p/salsa-allioli-pet/7262413",
    "price": 2.49,
    "reference_price": 9.96,
    "iva": 10,
    "reference_unit": "1 L",
    "date": "2023-01-17"
  },
  {
    "id": 9829,
    "name": "Pan de Molde Oroweat Pipas BIMBO",
    "description": "Pan de Molde Oroweat Pipas 680 Gr",
    "category": "Con corteza",
    "url": "https://tienda.consum.es/es/p/pan-de-molde-oroweat-pipas/7262892",
    "price": 2.99,
    "reference_price": 5.07,
    "iva": 10,
    "reference_unit": "1 Kg",
    "date": "2023-01-17"
  },
  {
    "id": 9832,
    "name": "Colonia Familiar ANIAN",
    "description": "Colonia Familiar 750 ml",
    "category": "Familiar",
    "url": "https://tienda.consum.es/es/p/colonia-familiar/7265523",
    "price": 1.45,
    "reference_price": 0.19,
    "iva": 21,
    "reference_unit": "100 ml",
    "date": "2023-01-17"
  },
  {
    "id": 9836,
    "name": "Queso Cheddar Curado LEISTON",
    "description": "Queso Cheddar Curado 200 Gr",
    "category": "Bola, edam, gouda, maasdam",
    "url": "https://tienda.consum.es/es/p/queso-cheddar-curado/7265742",
    "price": 2.16,
    "reference_price": 10.8,
    "iva": 0,
    "reference_unit": "1 Kg",
    "date": "2023-01-17"
  },
  {
    "id": 9843,
    "name": "Pan Hogaza Masa Madre Cereales RUSTIK BAKER",
    "description": "Pan Hogaza Masa Madre Cereales 450 Gr",
    "category": "Panes especiales",
    "url": "https://tienda.consum.es/es/p/pan-hogaza-masa-madre-cereales/7267321",
    "price": 2.59,
    "reference_price": 5.76,
    "iva": 10,
    "reference_unit": "1 Kg",
    "date": "2023-01-17"
  },
  {
    "id": 9844,
    "name": "Bebida Avena Ecológica Brik YOSOY",
    "description": "Bebida Avena Ecológica Brik 1 L",
    "category": "Bebidas vegetales",
    "url": "https://tienda.consum.es/es/p/bebida-avena-ecologica-brik/7267821",
    "price": 1.99,
    "reference_price": 1.99,
    "iva": 10,
    "reference_unit": "1 L",
    "date": "2023-01-17"
  },
  {
    "id": 9849,
    "name": "Pizza Barbacoa TARRADELLAS",
    "description": "Pizza Barbacoa 440 Gr",
    "category": "Pizza refrigerada",
    "url": "https://tienda.consum.es/es/p/pizza-barbacoa/2633246",
    "price": 3.19,
    "reference_price": 7.25,
    "iva": 10,
    "reference_unit": "1 Kg",
    "date": "2023-01-17"
  },
  {
    "id": 9853,
    "name": "Albóndigas con Guisantes Bote COREN",
    "description": "Albóndigas con Guisantes Bote 425 Gr",
    "category": "Conservas",
    "url": "https://tienda.consum.es/es/p/albondigas-con-guisantes-bote/277327",
    "price": 1.99,
    "reference_price": 4.68,
    "iva": 10,
    "reference_unit": "1 Kg",
    "date": "2023-01-17"
  },
  {
    "id": 9855,
    "name": "Patata Lavada Malla ",
    "description": "Patata Lavada Malla 3 Kg",
    "category": "Patatas, cebollas y ajos",
    "url": "https://tienda.consum.es/es/p/patata-lavada-malla/303677",
    "price": 4.23,
    "reference_price": 1.41,
    "iva": 0,
    "reference_unit": "1 Kg",
    "date": "2023-01-17"
  },
  {
    "id": 9856,
    "name": "Curry Tarro DUCROS",
    "description": "Curry Tarro 42 Gr",
    "category": "Especias",
    "url": "https://tienda.consum.es/es/p/curry-tarro/308890",
    "price": 2.49,
    "reference_price": 5.93,
    "iva": 10,
    "reference_unit": "100 Gr",
    "date": "2023-01-17"
  },
  {
    "id": 9858,
    "name": "Levadura de Cerveza Bolsa NATURTIERRA",
    "description": "Levadura de Cerveza Bolsa 150 Gr",
    "category": "Complementos nutricionales",
    "url": "https://tienda.consum.es/es/p/levadura-de-cerveza-bolsa/339085",
    "price": 3.69,
    "reference_price": 24.6,
    "iva": 10,
    "reference_unit": "1 Kg",
    "date": "2023-01-17"
  },
  {
    "id": 9860,
    "name": "Refresco Lima Limón Botella SEVEN UP",
    "description": "Refresco Lima Limón Botella 2 L",
    "category": "Limón y lima-limón",
    "url": "https://tienda.consum.es/es/p/refresco-lima-limon-botella/837963",
    "price": 1.35,
    "reference_price": 0.68,
    "iva": 21,
    "reference_unit": "1 L",
    "date": "2023-01-17"
  },
  {
    "id": 9861,
    "name": "Pate de Hígado de Cerdo Lata LA PIARA",
    "description": "Pate de Hígado de Cerdo Lata 75 Gr",
    "category": "Patés y untables",
    "url": "https://tienda.consum.es/es/p/pate-de-higado-de-cerdo-lata/941625",
    "price": 1.75,
    "reference_price": 23.33,
    "iva": 10,
    "reference_unit": "1 Kg",
    "date": "2023-01-17"
  },
  {
    "id": 9866,
    "name": "Magnum After Dinner Pack de 10 Unidades FRIGO",
    "description": "Magnum After Dinner Pack de 10 Unidades 290 Gr",
    "category": "Sándwich",
    "url": "https://tienda.consum.es/es/p/magnum-after-dinner-pack-de-10-unidades/3949666",
    "price": 5.49,
    "reference_price": 18.93,
    "iva": 10,
    "reference_unit": "1 Kg",
    "date": "2023-01-17"
  },
  {
    "id": 9867,
    "name": "Neulas Caja 25 Unidades DICAR",
    "description": "Neulas Caja 25 Unidades 100 Gr",
    "category": "Wafer y barquillos",
    "url": "https://tienda.consum.es/es/p/neulas-caja-25-unidades/4884086",
    "price": 1.35,
    "reference_price": 13.5,
    "iva": 10,
    "reference_unit": "1 Kg",
    "date": "2023-01-17"
  },
  {
    "id": 9869,
    "name": "Huerta Ravioli Boletus Edulis RANA",
    "description": "Huerta Ravioli Boletus Edulis 250 Gr",
    "category": "Pasta fresca",
    "url": "https://tienda.consum.es/es/p/huerta-ravioli-boletus-edulis/5743570",
    "price": 3.77,
    "reference_price": 15.08,
    "iva": 5,
    "reference_unit": "1 Kg",
    "date": "2023-01-17"
  },
  {
    "id": 9870,
    "name": "Arroz Especial Paella D.O. Valencia Paquete LA FALLERA",
    "description": "Arroz Especial Paella D.O. Valencia Paquete 1 Kg",
    "category": "Arroz",
    "url": "https://tienda.consum.es/es/p/arroz-especial-paella-do-valencia-paquete/7001746",
    "price": 2.36,
    "reference_price": 2.36,
    "iva": 0,
    "reference_unit": "1 Kg",
    "date": "2023-01-17"
  },
  {
    "id": 9872,
    "name": "Arroz Bomba D.O. Valencia Paquete DACSA",
    "description": "Arroz Bomba D.O. Valencia Paquete 1 Kg",
    "category": "Arroz",
    "url": "https://tienda.consum.es/es/p/arroz-bomba-do-valencia-paquete/7007917",
    "price": 5.28,
    "reference_price": 5.28,
    "iva": 0,
    "reference_unit": "1 Kg",
    "date": "2023-01-17"
  },
  {
    "id": 9873,
    "name": "Caldo Líquido Pescado Brik ANETO",
    "description": "Caldo Líquido Pescado Brik 1 L",
    "category": "Caldos y sopas",
    "url": "https://tienda.consum.es/es/p/caldo-liquido-pescado-brik/7010143",
    "price": 4.5,
    "reference_price": 4.5,
    "iva": 10,
    "reference_unit": "1 L",
    "date": "2023-01-17"
  },
  {
    "id": 9874,
    "name": "Refresco Limón Zero Botella FANTA",
    "description": "Refresco Limón Zero Botella 2 L",
    "category": "Limón y lima-limón",
    "url": "https://tienda.consum.es/es/p/refresco-limon-zero-botella/7019748",
    "price": 1.75,
    "reference_price": 0.88,
    "iva": 21,
    "reference_unit": "1 L",
    "date": "2023-01-17"
  },
  {
    "id": 9875,
    "name": "Aceitunas Rellenas de Anchoas Lata CONSUM",
    "description": "Aceitunas Rellenas de Anchoas Lata 600 Gr",
    "category": "Aceitunas sin hueso",
    "url": "https://tienda.consum.es/es/p/aceitunas-rellenas-de-anchoas-lata/7034122",
    "price": 3.69,
    "reference_price": 6.15,
    "iva": 10,
    "reference_unit": "1 Kg",
    "date": "2023-01-17"
  },
  {
    "id": 9877,
    "name": "Magro de Cerdo Lata CONSUM",
    "description": "Magro de Cerdo Lata 220 Gr",
    "category": "Conservas",
    "url": "https://tienda.consum.es/es/p/magro-de-cerdo-lata/7044949",
    "price": 2.29,
    "reference_price": 10.41,
    "iva": 10,
    "reference_unit": "1 Kg",
    "date": "2023-01-17"
  },
  {
    "id": 9878,
    "name": "Danet de Vainilla Natillas Pack de 8 Und. DANONE",
    "description": "Danet de Vainilla Natillas Pack de 8 Und. 8 x 120 Gr",
    "category": "Natillas",
    "url": "https://tienda.consum.es/es/p/danet-de-vainilla-natillas-pack-de-8-und/7046535",
    "price": 3.89,
    "reference_price": 4.05,
    "iva": 10,
    "reference_unit": "1 Kg",
    "date": "2023-01-17"
  },
  {
    "id": 9882,
    "name": "Bonito en Aceite de Oliva Tarro CONSUM",
    "description": "Bonito en Aceite de Oliva Tarro 160 Gr",
    "category": "Atún y bonito",
    "url": "https://tienda.consum.es/es/p/bonito-en-aceite-de-oliva-tarro/7073484",
    "price": 4.95,
    "reference_price": 30.94,
    "iva": 10,
    "reference_unit": "1 Kg",
    "date": "2023-01-17"
  },
  {
    "id": 9886,
    "name": "Cocktail Cuatro Variantes en Vinagre Frasco CONSUM",
    "description": "Cocktail Cuatro Variantes en Vinagre Frasco 225 Gr",
    "category": "Banderillas y cocktails",
    "url": "https://tienda.consum.es/es/p/cocktail-cuatro-variantes-en-vinagre-frasco/7083348",
    "price": 1.45,
    "reference_price": 6.44,
    "iva": 10,
    "reference_unit": "1 Kg",
    "date": "2023-01-17"
  },
  {
    "id": 9888,
    "name": "Mini Croissants CONSUM",
    "description": "Mini Croissants 270 Gr",
    "category": "Bollería industrial",
    "url": "https://tienda.consum.es/es/p/mini-croissants/7089738",
    "price": 1.25,
    "reference_price": 4.63,
    "iva": 10,
    "reference_unit": "1 Kg",
    "date": "2023-01-17"
  },
  {
    "id": 9893,
    "name": "Ensalada Campestre Bolsa CONSUM",
    "description": "Ensalada Campestre Bolsa 175 Gr",
    "category": "Ensaladas y brotes",
    "url": "https://tienda.consum.es/es/p/ensalada-campestre-bolsa/7116601",
    "price": 1.24,
    "reference_price": 7.09,
    "iva": 0,
    "reference_unit": "1 Kg",
    "date": "2023-01-17"
  },
  {
    "id": 9897,
    "name": "Tartaleta Chocolate con Leche CONSUM KIDS",
    "description": "Tartaleta Chocolate con Leche 196 Gr",
    "category": "Galletas de chocolate",
    "url": "https://tienda.consum.es/es/p/tartaleta-chocolate-con-leche/7154537",
    "price": 1.4,
    "reference_price": 5.94,
    "iva": 10,
    "reference_unit": "1 Kg",
    "date": "2023-01-17"
  },
  {
    "id": 9899,
    "name": "Maíz Gigante Frito Barbacoa Bolsa CONSUM",
    "description": "Maíz Gigante Frito Barbacoa Bolsa 100 Gr",
    "category": "Maíz tostado y cocktail",
    "url": "https://tienda.consum.es/es/p/maiz-gigante-frito-barbacoa-bolsa/7157915",
    "price": 0.85,
    "reference_price": 8.5,
    "iva": 10,
    "reference_unit": "1 Kg",
    "date": "2023-01-17"
  },
  {
    "id": 9902,
    "name": "Ensalada Mixta Bolsa FLORETTE",
    "description": "Ensalada Mixta Bolsa 150 Gr",
    "category": "Ensaladas y brotes",
    "url": "https://tienda.consum.es/es/p/ensalada-mixta-bolsa/7164346",
    "price": 1.53,
    "reference_price": 10.2,
    "iva": 0,
    "reference_unit": "1 Kg",
    "date": "2023-01-17"
  },
  {
    "id": 9904,
    "name": "Mini Bombones de Caramelo y Chocolate P8 CONSUM",
    "description": "Mini Bombones de Caramelo y Chocolate P8 280 Gr",
    "category": "Bombones",
    "url": "https://tienda.consum.es/es/p/mini-bombones-de-caramelo-y-chocolate-p8/7167471",
    "price": 2.99,
    "reference_price": 10.68,
    "iva": 10,
    "reference_unit": "1 Kg",
    "date": "2023-01-17"
  },
  {
    "id": 9905,
    "name": "Bombón Caramelo Pack de 4 Unidades CONSUM",
    "description": "Bombón Caramelo Pack de 4 Unidades 252 Gr",
    "category": "Bombones",
    "url": "https://tienda.consum.es/es/p/bombon-caramelo-pack-de-4-unidades/7167476",
    "price": 2.15,
    "reference_price": 8.53,
    "iva": 10,
    "reference_unit": "1 Kg",
    "date": "2023-01-17"
  },
  {
    "id": 9906,
    "name": "Refresco de Lima-Limón Botella CONSUM",
    "description": "Refresco de Lima-Limón Botella 2 L",
    "category": "Limón y lima-limón",
    "url": "https://tienda.consum.es/es/p/refresco-de-lima-limon-botella/7169001",
    "price": 0.95,
    "reference_price": 0.48,
    "iva": 21,
    "reference_unit": "1 L",
    "date": "2023-01-17"
  },
  {
    "id": 9909,
    "name": "Hielo Picado PILE",
    "description": "Hielo Picado 2 Kg",
    "category": "Hielo",
    "url": "https://tienda.consum.es/es/p/hielo-picado/7170561",
    "price": 1.19,
    "reference_price": 0.6,
    "iva": 10,
    "reference_unit": "1 Kg",
    "date": "2023-01-17"
  },
  {
    "id": 9910,
    "name": "Antipolilla colgador lavanda EFI-PROTECT",
    "description": "Antipolilla colgador lavanda 2 U",
    "category": "Antipolillas y carcoma",
    "url": "https://tienda.consum.es/es/p/antipolilla-colgador-lavanda/7171564",
    "price": 1.2,
    "reference_price": 0.6,
    "iva": 21,
    "reference_unit": "1 U",
    "date": "2023-01-17"
  },
  {
    "id": 9914,
    "name": "Caldo Casero Verduras Brik G.BLANCA",
    "description": "Caldo Casero Verduras Brik 1 L",
    "category": "Caldos y sopas",
    "url": "https://tienda.consum.es/es/p/caldo-casero-verduras-brik/7189970",
    "price": 1.99,
    "reference_price": 1.99,
    "iva": 10,
    "reference_unit": "1 L",
    "date": "2023-01-17"
  },
  {
    "id": 9915,
    "name": "Refresco Limón Sin Gas Botella TRINA",
    "description": "Refresco Limón Sin Gas Botella 1,5 L",
    "category": "Refrescos sin gas",
    "url": "https://tienda.consum.es/es/p/refresco-limon-sin-gas-botella/7195118",
    "price": 1.65,
    "reference_price": 1.1,
    "iva": 21,
    "reference_unit": "1 L",
    "date": "2023-01-17"
  },
  {
    "id": 9916,
    "name": "Copa de Chocolate Nata Pack de 2 Unidades DANONE",
    "description": "Copa de Chocolate Nata Pack de 2 Unidades 2 x 110 Gr",
    "category": "Copa",
    "url": "https://tienda.consum.es/es/p/copa-de-chocolate-nata-pack-de-2-unidades/7195340",
    "price": 1.49,
    "reference_price": 6.77,
    "iva": 10,
    "reference_unit": "1 Kg",
    "date": "2023-01-17"
  },
  {
    "id": 9917,
    "name": "Vino Fino D.O.Montilla Moriles SOÑADOR",
    "description": "Vino Fino D.O.Montilla Moriles 0,75 L",
    "category": "Finos y dulces",
    "url": "https://tienda.consum.es/es/p/vino-fino-domontilla-moriles/7196483",
    "price": 2.4,
    "reference_price": 3.2,
    "iva": 21,
    "reference_unit": "1 L",
    "date": "2023-01-17"
  },
  {
    "id": 9919,
    "name": "Café Refrigerado Caramel Starbucks Macchiato STARBUCKS",
    "description": "Café Refrigerado Caramel Starbucks Macchiato 220 ml",
    "category": "Batidos y cafés",
    "url": "https://tienda.consum.es/es/p/cafe-refrigerado-caramel-starbucks-macchiato/7198583",
    "price": 2.15,
    "reference_price": 9.77,
    "iva": 10,
    "reference_unit": "1 L",
    "date": "2023-01-17"
  },
  {
    "id": 9928,
    "name": "Refresco Cola Cero sin Cafeína Botella CONSUM",
    "description": "Refresco Cola Cero sin Cafeína Botella 2 L",
    "category": "Cola",
    "url": "https://tienda.consum.es/es/p/refresco-cola-cero-sin-cafeina-botella/7213317",
    "price": 0.7,
    "reference_price": 0.35,
    "iva": 21,
    "reference_unit": "1 L",
    "date": "2023-01-17"
  },
  {
    "id": 9930,
    "name": "Galleta Rellena Chocolate Pack de 3 LU",
    "description": "Galleta Rellena Chocolate Pack de 3 3 x 300 Gr",
    "category": "Galletas de chocolate",
    "url": "https://tienda.consum.es/es/p/galleta-rellena-chocolate-pack-de-3/7214476",
    "price": 5.49,
    "reference_price": 6.1,
    "iva": 10,
    "reference_unit": "1 Kg",
    "date": "2023-01-17"
  },
  {
    "id": 9934,
    "name": "Refresco Naranja Pet Zero TRINA",
    "description": "Refresco Naranja Pet Zero 1,5 L",
    "category": "Refrescos sin gas",
    "url": "https://tienda.consum.es/es/p/refresco-naranja-pet-zero/7217276",
    "price": 1.65,
    "reference_price": 1.1,
    "iva": 21,
    "reference_unit": "1 L",
    "date": "2023-01-17"
  },
  {
    "id": 9936,
    "name": "Galleta Sandwich Choco Pause MILKA",
    "description": "Galleta Sandwich Choco Pause 260 Gr",
    "category": "Galletas de chocolate",
    "url": "https://tienda.consum.es/es/p/galleta-sandwich-choco-pause/7223316",
    "price": 2.69,
    "reference_price": 10.35,
    "iva": 10,
    "reference_unit": "1 Kg",
    "date": "2023-01-17"
  },
  {
    "id": 9937,
    "name": "Galleta Chiquilín Energy Caja ARTIACH",
    "description": "Galleta Chiquilín Energy Caja 200 Gr",
    "category": "Desayuno y merienda infantil",
    "url": "https://tienda.consum.es/es/p/galleta-chiquilin-energy-caja/7223811",
    "price": 3.62,
    "reference_price": 18.1,
    "iva": 10,
    "reference_unit": "1 Kg",
    "date": "2023-01-17"
  },
  {
    "id": 9939,
    "name": "Salsa Miel y Mostaza HEINZ",
    "description": "Salsa Miel y Mostaza 400 ml",
    "category": "Mostaza",
    "url": "https://tienda.consum.es/es/p/salsa-miel-y-mostaza/7225522",
    "price": 3.75,
    "reference_price": 9.38,
    "iva": 10,
    "reference_unit": "1 L",
    "date": "2023-01-17"
  },
  {
    "id": 9940,
    "name": "Tortillas de Trigo Integrales 6 Unidades OLD EL PASO",
    "description": "Tortillas de Trigo Integrales 6 Unidades 350 Gr",
    "category": "Pan de hamburguesa, hot dog y wraps",
    "url": "https://tienda.consum.es/es/p/tortillas-de-trigo-integrales-6-unidades/7226496",
    "price": 3.39,
    "reference_price": 9.69,
    "iva": 10,
    "reference_unit": "1 Kg",
    "date": "2023-01-17"
  },
  {
    "id": 9947,
    "name": "Mini Empanadilla de Atún con Olivas 6 Und. ",
    "description": "Mini Empanadilla de Atún con Olivas 6 Und. 225 Gr",
    "category": "Empanadillas",
    "url": "https://tienda.consum.es/es/p/mini-empanadilla-de-atun-con-olivas-6-und/7235877",
    "price": 2.45,
    "reference_price": 10.89,
    "iva": 10,
    "reference_unit": "1 Kg",
    "date": "2023-01-17"
  },
  {
    "id": 9950,
    "name": "Sabor Chocolate BICENTURY",
    "description": "Sabor Chocolate 225 Gr",
    "category": "Bebidas dietéticas",
    "url": "https://tienda.consum.es/es/p/sabor-chocolate/7237290",
    "price": 6.49,
    "reference_price": 28.84,
    "iva": 10,
    "reference_unit": "1 Kg",
    "date": "2023-01-17"
  },
  {
    "id": 9951,
    "name": "Cornetto Mini Classico Pack de 6 Unidades FRIGO",
    "description": "Cornetto Mini Classico Pack de 6 Unidades 216 Gr",
    "category": "Conos",
    "url": "https://tienda.consum.es/es/p/cornetto-mini-classico-pack-de-6-unidades/7237589",
    "price": 4.69,
    "reference_price": 21.71,
    "iva": 10,
    "reference_unit": "1 Kg",
    "date": "2023-01-17"
  },
  {
    "id": 9952,
    "name": "Gamba Cocida ",
    "description": "Gamba Cocida 300 Gr - solo disponible viernes y sábado",
    "category": "Pescado en bandeja",
    "url": "https://tienda.consum.es/es/p/gamba-cocida/7237712",
    "price": 4.95,
    "reference_price": 16.5,
    "iva": 10,
    "reference_unit": "1 Kg",
    "date": "2023-01-17"
  },
  {
    "id": 9956,
    "name": "Galleta Príncipe Rellena Chocolate y Leche LU",
    "description": "Galleta Príncipe Rellena Chocolate y Leche 300 Gr",
    "category": "Galletas de chocolate",
    "url": "https://tienda.consum.es/es/p/galleta-principe-rellena-chocolate-y-leche/7239304",
    "price": 2.1,
    "reference_price": 7,
    "iva": 10,
    "reference_unit": "1 Kg",
    "date": "2023-01-17"
  },
  {
    "id": 9958,
    "name": "Arroz con Leche Pack de 4 Unidades REINA",
    "description": "Arroz con Leche Pack de 4 Unidades 4 x 130 Gr",
    "category": "Arroz con leche",
    "url": "https://tienda.consum.es/es/p/arroz-con-leche-pack-de-4-unidades/7242209",
    "price": 1.99,
    "reference_price": 3.83,
    "iva": 10,
    "reference_unit": "1 Kg",
    "date": "2023-01-17"
  },
  {
    "id": 9961,
    "name": "Ensalada Gourmet Primeros Brotes FLORETTE",
    "description": "Ensalada Gourmet Primeros Brotes 100 Gr",
    "category": "Ensaladas y brotes",
    "url": "https://tienda.consum.es/es/p/ensalada-gourmet-primeros-brotes/7242683",
    "price": 1.97,
    "reference_price": 19.7,
    "iva": 0,
    "reference_unit": "1 Kg",
    "date": "2023-01-17"
  },
  {
    "id": 9963,
    "name": "Cocktail Aceituna Verde Negra-Cebollita-Pepinillo JOLCA",
    "description": "Cocktail Aceituna Verde Negra-Cebollita-Pepinillo 185 Gr",
    "category": "Banderillas y cocktails",
    "url": "https://tienda.consum.es/es/p/cocktail-aceituna-verde-negra-cebollita-pepinillo/7243731",
    "price": 1.69,
    "reference_price": 9.14,
    "iva": 10,
    "reference_unit": "1 Kg",
    "date": "2023-01-17"
  },
  {
    "id": 9966,
    "name": "Colonia Agua Citronella Spray Corporal C.DE AROMAS",
    "description": "Colonia Agua Citronella Spray Corporal 125 ml",
    "category": "Femeninas",
    "url": "https://tienda.consum.es/es/p/colonia-agua-citronella-spray-corporal/7245322",
    "price": 1.55,
    "reference_price": 1.24,
    "iva": 21,
    "reference_unit": "100 ml",
    "date": "2023-01-17"
  },
  {
    "id": 9967,
    "name": "Zumo Tropical Brik CONSUM",
    "description": "Zumo Tropical Brik 1 L",
    "category": "Zumos y néctares no refrigerados",
    "url": "https://tienda.consum.es/es/p/zumo-tropical-brik/7245926",
    "price": 1.19,
    "reference_price": 1.19,
    "iva": 10,
    "reference_unit": "1 L",
    "date": "2023-01-17"
  },
  {
    "id": 9969,
    "name": "Galleta Desayuno sin Azúcares GULLON ZERO",
    "description": "Galleta Desayuno sin Azúcares 216 Gr",
    "category": "Galletas saludables",
    "url": "https://tienda.consum.es/es/p/galleta-desayuno-sin-azucares/7246304",
    "price": 2.65,
    "reference_price": 12.27,
    "iva": 10,
    "reference_unit": "1 Kg",
    "date": "2023-01-17"
  },
  {
    "id": 9975,
    "name": "Galletas Soja y Naranja GERBLE",
    "description": "Galletas Soja y Naranja 280 Gr",
    "category": "Alimentación dietética básica",
    "url": "https://tienda.consum.es/es/p/galletas-soja-y-naranja/7249688",
    "price": 2.29,
    "reference_price": 8.18,
    "iva": 10,
    "reference_unit": "1 Kg",
    "date": "2023-01-17"
  },
  {
    "id": 9985,
    "name": "Bombón Magnum Double Chocolate 88 Ml. x 3 Und FRIGO",
    "description": "Bombón Magnum Double Chocolate 88 Ml. x 3 Und 3 x 98 Gr",
    "category": "Bombones",
    "url": "https://tienda.consum.es/es/p/bombon-magnum-double-chocolate-88-ml-x-3-und/7260326",
    "price": 3.99,
    "reference_price": 19.28,
    "iva": 10,
    "reference_unit": "1 Kg",
    "date": "2023-01-17"
  },
  {
    "id": 9988,
    "name": "Gel Exfoliante Pure Active Carbón 3 en 1 GARNIER",
    "description": "Gel Exfoliante Pure Active Carbón 3 en 1 150 ml",
    "category": "Limpieza y desmaquilladores",
    "url": "https://tienda.consum.es/es/p/gel-exfoliante-pure-active-carbon-3-en-1/7261659",
    "price": 4.99,
    "reference_price": 3.33,
    "iva": 21,
    "reference_unit": "100 ml",
    "date": "2023-01-17"
  },
  {
    "id": 9991,
    "name": "Galleta Animals Tostada CONSUM KIDS",
    "description": "Galleta Animals Tostada 600 Gr",
    "category": "Desayuno y merienda infantil",
    "url": "https://tienda.consum.es/es/p/galleta-animals-tostada/7262897",
    "price": 1.77,
    "reference_price": 2.95,
    "iva": 10,
    "reference_unit": "1 Kg",
    "date": "2023-01-17"
  },
  {
    "id": 9995,
    "name": "Bebida Energética Light Ultra Lata MONSTER",
    "description": "Bebida Energética Light Ultra Lata 0,5 L",
    "category": "Energéticas",
    "url": "https://tienda.consum.es/es/p/bebida-energetica-light-ultra-lata/7265960",
    "price": 1.58,
    "reference_price": 3.16,
    "iva": 21,
    "reference_unit": "1 L",
    "date": "2023-01-17"
  },
  {
    "id": 10017,
    "name": "Queso Brie Cuña PRESIDENT",
    "description": "Queso Brie Cuña 200 Gr",
    "category": "Brie, camembert y cremosos",
    "url": "https://tienda.consum.es/es/p/queso-brie-cuna/219238",
    "price": 3.32,
    "reference_price": 16.6,
    "iva": 0,
    "reference_unit": "1 Kg",
    "date": "2023-01-17"
  },
  {
    "id": 10018,
    "name": "Pizza Atún y Bacón TARRADELLAS",
    "description": "Pizza Atún y Bacón 405 Gr",
    "category": "Pizza refrigerada",
    "url": "https://tienda.consum.es/es/p/pizza-atun-y-bacon/505677",
    "price": 3.19,
    "reference_price": 7.88,
    "iva": 10,
    "reference_unit": "1 Kg",
    "date": "2023-01-17"
  },
  {
    "id": 10022,
    "name": "Galletas Saladas Cracker Caja RITZ",
    "description": "Galletas Saladas Cracker Caja 200 Gr",
    "category": "Galletas saladas",
    "url": "https://tienda.consum.es/es/p/galletas-saladas-cracker-caja/4400917",
    "price": 2.75,
    "reference_price": 13.75,
    "iva": 10,
    "reference_unit": "1 Kg",
    "date": "2023-01-17"
  },
  {
    "id": 10024,
    "name": "Insecticida Permanente Spray ORO",
    "description": "Insecticida Permanente Spray 750 ml",
    "category": "Anti hormigas y cucarachicidas",
    "url": "https://tienda.consum.es/es/p/insecticida-permanente-spray/7021546",
    "price": 5.19,
    "reference_price": 6.92,
    "iva": 21,
    "reference_unit": "1 L",
    "date": "2023-01-17"
  },
  {
    "id": 10025,
    "name": "Mayonesa Bocabajo YBARRA",
    "description": "Mayonesa Bocabajo 500 ml",
    "category": "Mayonesa",
    "url": "https://tienda.consum.es/es/p/mayonesa-bocabajo/7027980",
    "price": 2.25,
    "reference_price": 4.5,
    "iva": 10,
    "reference_unit": "1 L",
    "date": "2023-01-17"
  },
  {
    "id": 10026,
    "name": "Coctel Frutos Secos Cáscara Bolsa CONSUM",
    "description": "Coctel Frutos Secos Cáscara Bolsa 250 Gr",
    "category": "Maíz tostado y cocktail",
    "url": "https://tienda.consum.es/es/p/coctel-frutos-secos-cascara-bolsa/7034296",
    "price": 1.75,
    "reference_price": 7,
    "iva": 10,
    "reference_unit": "1 Kg",
    "date": "2023-01-17"
  },
  {
    "id": 10027,
    "name": "Aceitunas Sabor Anchoa con Hueso en Lata JOLCA",
    "description": "Aceitunas Sabor Anchoa con Hueso en Lata 185 Gr",
    "category": "Aceitunas con hueso",
    "url": "https://tienda.consum.es/es/p/aceitunas-sabor-anchoa-con-hueso-en-lata/7037547",
    "price": 1.65,
    "reference_price": 8.92,
    "iva": 10,
    "reference_unit": "1 Kg",
    "date": "2023-01-17"
  },
  {
    "id": 10028,
    "name": "Mejillones en Escabeche 4/6 Piezas NAVAL",
    "description": "Mejillones en Escabeche 4/6 Piezas 72 Gr",
    "category": "Mejillones",
    "url": "https://tienda.consum.es/es/p/mejillones-en-escabeche-4/6-piezas/7042018",
    "price": 3.49,
    "reference_price": 48.47,
    "iva": 10,
    "reference_unit": "1 Kg",
    "date": "2023-01-17"
  },
  {
    "id": 10029,
    "name": "Postre Sabor Galleta Pack de 2 Unidades LA LECHERA",
    "description": "Postre Sabor Galleta Pack de 2 Unidades 2 x 125 Gr",
    "category": "Otros postres",
    "url": "https://tienda.consum.es/es/p/postre-sabor-galleta-pack-de-2-unidades/7043276",
    "price": 1.75,
    "reference_price": 7,
    "iva": 10,
    "reference_unit": "1 Kg",
    "date": "2023-01-17"
  },
  {
    "id": 10033,
    "name": "Antipolillas y antiácaros en pastillas lavanda ORION",
    "description": "Antipolillas y antiácaros en pastillas lavanda 20 U",
    "category": "Antipolillas y carcoma",
    "url": "https://tienda.consum.es/es/p/antipolillas-y-antiacaros-en-pastillas-lavanda/7045243",
    "price": 2.69,
    "reference_price": 0.13,
    "iva": 21,
    "reference_unit": "1 U",
    "date": "2023-01-17"
  },
  {
    "id": 10034,
    "name": "Kiwi Green Selección Bandeja ZESPRI",
    "description": "Kiwi Green Selección Bandeja 500 Gr",
    "category": "Fruta tropical",
    "url": "https://tienda.consum.es/es/p/kiwi-green-seleccion-bandeja/7052145",
    "price": 3.84,
    "reference_price": 7.68,
    "iva": 0,
    "reference_unit": "1 Kg",
    "date": "2023-01-17"
  },
  {
    "id": 10040,
    "name": "Bizcochos Marble 6 Unidades MONTES LARA",
    "description": "Bizcochos Marble 6 Unidades 240 Gr",
    "category": "Bollería industrial",
    "url": "https://tienda.consum.es/es/p/bizcochos-marble-6-unidades/7069834",
    "price": 1.85,
    "reference_price": 7.71,
    "iva": 10,
    "reference_unit": "1 Kg",
    "date": "2023-01-17"
  },
  {
    "id": 10043,
    "name": "Spaguettis al Huevo CONSUM",
    "description": "Spaguettis al Huevo 250 Gr",
    "category": "Pasta fresca",
    "url": "https://tienda.consum.es/es/p/spaguettis-al-huevo/7096402",
    "price": 1.19,
    "reference_price": 4.76,
    "iva": 5,
    "reference_unit": "1 Kg",
    "date": "2023-01-17"
  },
  {
    "id": 10044,
    "name": "Mayonesa Bocabajo HELLMANN'S",
    "description": "Mayonesa Bocabajo 430 ml",
    "category": "Mayonesa",
    "url": "https://tienda.consum.es/es/p/mayonesa-bocabajo/7102234",
    "price": 2.95,
    "reference_price": 6.86,
    "iva": 10,
    "reference_unit": "1 L",
    "date": "2023-01-17"
  },
  {
    "id": 10045,
    "name": "Salsa Fresca al Pesto Verde RANA",
    "description": "Salsa Fresca al Pesto Verde 140 Gr",
    "category": "Salsas refrigeradas",
    "url": "https://tienda.consum.es/es/p/salsa-fresca-al-pesto-verde/7120835",
    "price": 2.4,
    "reference_price": 17.14,
    "iva": 10,
    "reference_unit": "1 Kg",
    "date": "2023-01-17"
  },
  {
    "id": 10047,
    "name": "Queso Cabra Medallón GRANJA RINYA",
    "description": "Queso Cabra Medallón 75 Gr",
    "category": "Brie, camembert y cremosos",
    "url": "https://tienda.consum.es/es/p/queso-cabra-medallon/7140168",
    "price": 1.25,
    "reference_price": 16.67,
    "iva": 0,
    "reference_unit": "1 Kg",
    "date": "2023-01-17"
  },
  {
    "id": 10048,
    "name": "Aceituna Manzanilla Frasco JOLCA",
    "description": "Aceituna Manzanilla Frasco 420 Gr",
    "category": "Aceitunas con hueso",
    "url": "https://tienda.consum.es/es/p/aceituna-manzanilla-frasco/7147965",
    "price": 3.89,
    "reference_price": 9.26,
    "iva": 10,
    "reference_unit": "1 Kg",
    "date": "2023-01-17"
  },
  {
    "id": 10049,
    "name": "Maxibón Cookies Pack de 4 Unidades NESTLE",
    "description": "Maxibón Cookies Pack de 4 Unidades 360 Gr",
    "category": "Sándwich",
    "url": "https://tienda.consum.es/es/p/maxibon-cookies-pack-de-4-unidades/7148398",
    "price": 4.99,
    "reference_price": 13.86,
    "iva": 10,
    "reference_unit": "1 Kg",
    "date": "2023-01-17"
  },
  {
    "id": 10052,
    "name": "Cóctel Frutos Secos Especial Premiun CONSUM",
    "description": "Cóctel Frutos Secos Especial Premiun 100 Gr",
    "category": "Maíz tostado y cocktail",
    "url": "https://tienda.consum.es/es/p/coctel-frutos-secos-especial-premiun/7157907",
    "price": 1.75,
    "reference_price": 17.5,
    "iva": 10,
    "reference_unit": "1 Kg",
    "date": "2023-01-17"
  },
  {
    "id": 10057,
    "name": "Insecticida Voladores Moscas y Mosquitos RAID",
    "description": "Insecticida Voladores Moscas y Mosquitos 600 ml",
    "category": "Spray voladores",
    "url": "https://tienda.consum.es/es/p/insecticida-voladores-moscas-y-mosquitos/7170108",
    "price": 4.99,
    "reference_price": 0.83,
    "iva": 21,
    "reference_unit": "100 ml",
    "date": "2023-01-17"
  },
  {
    "id": 10060,
    "name": "Apósitos Alta Protección PHARMADOCT",
    "description": "Apósitos Alta Protección 4 U",
    "category": "Bandas protectoras adhesivas",
    "url": "https://tienda.consum.es/es/p/apositos-alta-proteccion/7174936",
    "price": 1.55,
    "reference_price": 0.39,
    "iva": 10,
    "reference_unit": "1 U",
    "date": "2023-01-17"
  },
  {
    "id": 10074,
    "name": "Rebozado Crujiente Sin Gluten ESGIR",
    "description": "Rebozado Crujiente Sin Gluten 200 Gr",
    "category": "Pan rallado",
    "url": "https://tienda.consum.es/es/p/rebozado-crujiente-sin-gluten/7203313",
    "price": 1.59,
    "reference_price": 7.95,
    "iva": 10,
    "reference_unit": "1 Kg",
    "date": "2023-01-17"
  },
  {
    "id": 10075,
    "name": "Jarabe Drenanat NATURTIERRA",
    "description": "Jarabe Drenanat 250 ml",
    "category": "Fitoterapia",
    "url": "https://tienda.consum.es/es/p/jarabe-drenanat/7206782",
    "price": 5.49,
    "reference_price": 2.2,
    "iva": 10,
    "reference_unit": "100 ml",
    "date": "2023-01-17"
  },
  {
    "id": 10078,
    "name": "Mayonesa Original Bolsitas PRIMA",
    "description": "Mayonesa Original Bolsitas 15 x 10 ml",
    "category": "Mayonesa",
    "url": "https://tienda.consum.es/es/p/mayonesa-original-bolsitas/7209351",
    "price": 1.89,
    "reference_price": 12.6,
    "iva": 10,
    "reference_unit": "1 L",
    "date": "2023-01-17"
  },
  {
    "id": 10080,
    "name": "Paté Higado de Cerdo Suave Pack de 3 APIS",
    "description": "Paté Higado de Cerdo Suave Pack de 3 240 Gr",
    "category": "Patés y untables",
    "url": "https://tienda.consum.es/es/p/pate-higado-de-cerdo-suave-pack-de-3/7220635",
    "price": 2.35,
    "reference_price": 9.79,
    "iva": 10,
    "reference_unit": "1 Kg",
    "date": "2023-01-17"
  },
  {
    "id": 10085,
    "name": "Salsa Guacamole Tarro ZANUY",
    "description": "Salsa Guacamole Tarro 190 Gr",
    "category": "Otras salsas",
    "url": "https://tienda.consum.es/es/p/salsa-guacamole-tarro/7222292",
    "price": 1.89,
    "reference_price": 9.95,
    "iva": 10,
    "reference_unit": "1 Kg",
    "date": "2023-01-17"
  },
  {
    "id": 10090,
    "name": "Caracol Cabrilla congelado PERIBAÑEZ",
    "description": "Caracol Cabrilla congelado 500 Gr",
    "category": "Pescados y mariscos",
    "url": "https://tienda.consum.es/es/p/caracol-cabrilla-congelado/7235026",
    "price": 2.99,
    "reference_price": 5.98,
    "iva": 10,
    "reference_unit": "1 Kg",
    "date": "2023-01-17"
  },
  {
    "id": 10092,
    "name": "Bonito del Norte en Aceite de Oliva CONSORCIO",
    "description": "Bonito del Norte en Aceite de Oliva 260 Gr",
    "category": "Atún y bonito",
    "url": "https://tienda.consum.es/es/p/bonito-del-norte-en-aceite-de-oliva/7237175",
    "price": 7,
    "reference_price": 26.92,
    "iva": 10,
    "reference_unit": "1 Kg",
    "date": "2023-01-17"
  },
  {
    "id": 10093,
    "name": "Queso Havarti Light Lonchas ARLA",
    "description": "Queso Havarti Light Lonchas 150 Gr",
    "category": "Barra y otros nacionales",
    "url": "https://tienda.consum.es/es/p/queso-havarti-light-lonchas/7240179",
    "price": 3.07,
    "reference_price": 20.47,
    "iva": 0,
    "reference_unit": "1 Kg",
    "date": "2023-01-17"
  },
  {
    "id": 10094,
    "name": "Pescadilla sin Cabeza congelada NOS",
    "description": "Pescadilla sin Cabeza congelada 600 Gr",
    "category": "Pescados y mariscos",
    "url": "https://tienda.consum.es/es/p/pescadilla-sin-cabeza-congelada/7240674",
    "price": 3.99,
    "reference_price": 6.65,
    "iva": 10,
    "reference_unit": "1 Kg",
    "date": "2023-01-17"
  },
  {
    "id": 10096,
    "name": "Plum Cake Cacao DULCESOL",
    "description": "Plum Cake Cacao 400 Gr",
    "category": "Bollería industrial",
    "url": "https://tienda.consum.es/es/p/plum-cake-cacao/7241925",
    "price": 2.15,
    "reference_price": 5.38,
    "iva": 10,
    "reference_unit": "1 Kg",
    "date": "2023-01-17"
  },
  {
    "id": 10097,
    "name": "Plum Cake Mármol DULCESOL",
    "description": "Plum Cake Mármol 400 Gr",
    "category": "Bollería industrial",
    "url": "https://tienda.consum.es/es/p/plum-cake-marmol/7241933",
    "price": 2.15,
    "reference_price": 5.38,
    "iva": 10,
    "reference_unit": "1 Kg",
    "date": "2023-01-17"
  },
  {
    "id": 10100,
    "name": "Pan Rallado Crujiente Paquete FRUMEN",
    "description": "Pan Rallado Crujiente Paquete 380 Gr",
    "category": "Pan rallado",
    "url": "https://tienda.consum.es/es/p/pan-rallado-crujiente-paquete/7243715",
    "price": 1.55,
    "reference_price": 4.08,
    "iva": 10,
    "reference_unit": "1 Kg",
    "date": "2023-01-17"
  },
  {
    "id": 10101,
    "name": "Aceituna con Guindilla Picante KIMBO",
    "description": "Aceituna con Guindilla Picante 150 Gr",
    "category": "Banderillas y cocktails",
    "url": "https://tienda.consum.es/es/p/aceituna-con-guindilla-picante/7243827",
    "price": 2.99,
    "reference_price": 19.93,
    "iva": 10,
    "reference_unit": "1 Kg",
    "date": "2023-01-17"
  },
  {
    "id": 10106,
    "name": "Mini Brocheta Curry CONSUM",
    "description": "Mini Brocheta Curry 240 Gr",
    "category": "Aves y conejo",
    "url": "https://tienda.consum.es/es/p/mini-brocheta-curry/7246668",
    "price": 2.85,
    "reference_price": 11.88,
    "iva": 10,
    "reference_unit": "1 Kg",
    "date": "2023-01-17"
  },
  {
    "id": 10116,
    "name": "Azúcar Moreno Bolsa NATURTIERRA",
    "description": "Azúcar Moreno Bolsa 500 Gr",
    "category": "Azúcar",
    "url": "https://tienda.consum.es/es/p/azucar-moreno-bolsa/7256886",
    "price": 2.55,
    "reference_price": 5.1,
    "iva": 10,
    "reference_unit": "1 Kg",
    "date": "2023-01-17"
  },
  {
    "id": 10119,
    "name": "Suero Fisiológico Monodosis SENTI-2",
    "description": "Suero Fisiológico Monodosis 30 U",
    "category": "Otros",
    "url": "https://tienda.consum.es/es/p/suero-fisiologico-monodosis/7257959",
    "price": 3.3,
    "reference_price": 0.11,
    "iva": 21,
    "reference_unit": "1 U",
    "date": "2023-01-17"
  },
  {
    "id": 10121,
    "name": "Crema Depilatoria VEET",
    "description": "Crema Depilatoria 200 ml",
    "category": "Crema, gel y spray",
    "url": "https://tienda.consum.es/es/p/crema-depilatoria/7260743",
    "price": 4.45,
    "reference_price": 2.23,
    "iva": 21,
    "reference_unit": "100 ml",
    "date": "2023-01-17"
  },
  {
    "id": 10122,
    "name": "Yogur Griego con Capa Mora - Frambuesa CONSUM",
    "description": "Yogur Griego con Capa Mora - Frambuesa 4 x 125 Gr",
    "category": "Cremosos y enriquecidos",
    "url": "https://tienda.consum.es/es/p/yogur-griego-con-capa-mora---frambuesa/7260834",
    "price": 1.95,
    "reference_price": 3.9,
    "iva": 10,
    "reference_unit": "1 Kg",
    "date": "2023-01-17"
  },
  {
    "id": 10125,
    "name": "Tampón Pearl Super Plus TAMPAX",
    "description": "Tampón Pearl Super Plus 24 U",
    "category": "Tampones",
    "url": "https://tienda.consum.es/es/p/tampon-pearl-super-plus/7263114",
    "price": 4.43,
    "reference_price": 0.18,
    "iva": 4,
    "reference_unit": "1 U",
    "date": "2023-01-17"
  },
  {
    "id": 10133,
    "name": "Tortillas Wraps de Trigo Paquete 6 Unidades OLD EL PASO",
    "description": "Tortillas Wraps de Trigo Paquete 6 Unidades 350 Gr",
    "category": "Pan de hamburguesa, hot dog y wraps",
    "url": "https://tienda.consum.es/es/p/tortillas-wraps-de-trigo-paquete-6-unidades/7264901",
    "price": 3.39,
    "reference_price": 9.69,
    "iva": 10,
    "reference_unit": "1 Kg",
    "date": "2023-01-17"
  },
  {
    "id": 10138,
    "name": "Jamón Curado Reducido en Sal NAVIDUL",
    "description": "Jamón Curado Reducido en Sal 50 Gr",
    "category": "Jamón",
    "url": "https://tienda.consum.es/es/p/jamon-curado-reducido-en-sal/7268340",
    "price": 1,
    "reference_price": 20,
    "iva": 10,
    "reference_unit": "1 Kg",
    "date": "2023-01-17"
  },
  {
    "id": 10139,
    "name": "Quinoa Roja y Blanca Vasitos BRILLANTE",
    "description": "Quinoa Roja y Blanca Vasitos 2 x 125 Gr",
    "category": "Especial, integral y sémolas",
    "url": "https://tienda.consum.es/es/p/quinoa-roja-y-blanca-vasitos/7270044",
    "price": 1.56,
    "reference_price": 6.24,
    "iva": 10,
    "reference_unit": "1 Kg",
    "date": "2023-01-17"
  },
  {
    "id": 10140,
    "name": "Pechuga de Pavo Extrafinas ELPOZO",
    "description": "Pechuga de Pavo Extrafinas 75 Gr",
    "category": "Fiambres ave",
    "url": "https://tienda.consum.es/es/p/pechuga-de-pavo-extrafinas/7270457",
    "price": 1,
    "reference_price": 13.33,
    "iva": 10,
    "reference_unit": "1 Kg",
    "date": "2023-01-17"
  },
  {
    "id": 10142,
    "name": "Piñones Pelados Tarro SABATER",
    "description": "Piñones Pelados Tarro 45 Gr",
    "category": "Otros frutos secos",
    "url": "https://tienda.consum.es/es/p/pinones-pelados-tarro/46755",
    "price": 5.5,
    "reference_price": 12.22,
    "iva": 10,
    "reference_unit": "100 Gr",
    "date": "2023-01-17"
  },
  {
    "id": 10145,
    "name": "Salsa Cocktail Tarro Cristal YBARRA",
    "description": "Salsa Cocktail Tarro Cristal 225 ml",
    "category": "Brava, barbacoa y rosa",
    "url": "https://tienda.consum.es/es/p/salsa-cocktail-tarro-cristal/210658",
    "price": 1.65,
    "reference_price": 7.33,
    "iva": 10,
    "reference_unit": "1 L",
    "date": "2023-01-17"
  },
  {
    "id": 10146,
    "name": "Bitter sin Alcohol Pack de 6 KAS",
    "description": "Bitter sin Alcohol Pack de 6 6 x 0,2 L",
    "category": "Bitter y ginger ale",
    "url": "https://tienda.consum.es/es/p/bitter-sin-alcohol-pack-de-6/303032",
    "price": 4.89,
    "reference_price": 4.08,
    "iva": 21,
    "reference_unit": "1 L",
    "date": "2023-01-17"
  },
  {
    "id": 10152,
    "name": "Tarrina Chocolate Belga 460 Ml. HAAGEN DAZS",
    "description": "Tarrina Chocolate Belga 460 Ml. 400 Gr",
    "category": "Tarrinas",
    "url": "https://tienda.consum.es/es/p/tarrina-chocolate-belga-460-ml/605055",
    "price": 6.99,
    "reference_price": 17.48,
    "iva": 10,
    "reference_unit": "1 Kg",
    "date": "2023-01-17"
  },
  {
    "id": 10156,
    "name": "Filetes de Bacalao congelado PESCANOVA",
    "description": "Filetes de Bacalao congelado 400 Gr",
    "category": "Pescados y mariscos",
    "url": "https://tienda.consum.es/es/p/filetes-de-bacalao-congelado/5524368",
    "price": 7.69,
    "reference_price": 19.23,
    "iva": 10,
    "reference_unit": "1 Kg",
    "date": "2023-01-17"
  },
  {
    "id": 10157,
    "name": "Aceitunas Rellenas Jalapeños Lata JOLCA",
    "description": "Aceitunas Rellenas Jalapeños Lata 130 Gr",
    "category": "Aceitunas sin hueso",
    "url": "https://tienda.consum.es/es/p/aceitunas-rellenas-jalapenos-lata/7009710",
    "price": 1.75,
    "reference_price": 13.46,
    "iva": 10,
    "reference_unit": "1 Kg",
    "date": "2023-01-17"
  },
  {
    "id": 10158,
    "name": "Maxibón de Nata Pack de 4 Unidades NESTLE",
    "description": "Maxibón de Nata Pack de 4 Unidades 384 Gr",
    "category": "Sándwich",
    "url": "https://tienda.consum.es/es/p/maxibon-de-nata-pack-de-4-unidades/7022390",
    "price": 4.99,
    "reference_price": 12.99,
    "iva": 10,
    "reference_unit": "1 Kg",
    "date": "2023-01-17"
  },
  {
    "id": 10159,
    "name": "Tarrina Stracciatella 900 Ml. CONSUM",
    "description": "Tarrina Stracciatella 900 Ml. 480 Gr",
    "category": "Tarrinas",
    "url": "https://tienda.consum.es/es/p/tarrina-stracciatella-900-ml/7025182",
    "price": 3.59,
    "reference_price": 7.48,
    "iva": 10,
    "reference_unit": "1 Kg",
    "date": "2023-01-17"
  },
  {
    "id": 10160,
    "name": "Crema de Queso Semicurado Tarrina PRESIDENT",
    "description": "Crema de Queso Semicurado Tarrina 125 Gr",
    "category": "Quesos Para untar",
    "url": "https://tienda.consum.es/es/p/crema-de-queso-semicurado-tarrina/7028343",
    "price": 2.02,
    "reference_price": 16.16,
    "iva": 0,
    "reference_unit": "1 Kg",
    "date": "2023-01-17"
  },
  {
    "id": 10161,
    "name": "Refresco Cola sin Cafeina Botella CONSUM",
    "description": "Refresco Cola sin Cafeina Botella 2 L",
    "category": "Cola",
    "url": "https://tienda.consum.es/es/p/refresco-cola-sin-cafeina-botella/7032605",
    "price": 0.7,
    "reference_price": 0.35,
    "iva": 21,
    "reference_unit": "1 L",
    "date": "2023-01-17"
  },
  {
    "id": 10163,
    "name": "Medallones Queso Cabra PRESIDENT",
    "description": "Medallones Queso Cabra 200 Gr",
    "category": "Brie, camembert y cremosos",
    "url": "https://tienda.consum.es/es/p/medallones-queso-cabra/7041770",
    "price": 3.32,
    "reference_price": 16.6,
    "iva": 0,
    "reference_unit": "1 Kg",
    "date": "2023-01-17"
  },
  {
    "id": 10167,
    "name": "Canela en Rama Tarro CONSUM",
    "description": "Canela en Rama Tarro 10 Gr",
    "category": "Especias",
    "url": "https://tienda.consum.es/es/p/canela-en-rama-tarro/7067619",
    "price": 0.69,
    "reference_price": 6.9,
    "iva": 10,
    "reference_unit": "100 Gr",
    "date": "2023-01-17"
  },
  {
    "id": 10168,
    "name": "Romero Tarro CONSUM",
    "description": "Romero Tarro 24 Gr",
    "category": "Especias",
    "url": "https://tienda.consum.es/es/p/romero-tarro/7067697",
    "price": 0.75,
    "reference_price": 3.13,
    "iva": 10,
    "reference_unit": "100 Gr",
    "date": "2023-01-17"
  },
  {
    "id": 10169,
    "name": "Pechuga de Pavo sin Grasa Reducido Sal ELPOZO",
    "description": "Pechuga de Pavo sin Grasa Reducido Sal 340 Gr",
    "category": "Fiambres ave",
    "url": "https://tienda.consum.es/es/p/pechuga-de-pavo-sin-grasa-reducido-sal/7072960",
    "price": 3.65,
    "reference_price": 10.74,
    "iva": 10,
    "reference_unit": "1 Kg",
    "date": "2023-01-17"
  },
  {
    "id": 10170,
    "name": "Chorizo Extra Picante 4x60 CONSUM",
    "description": "Chorizo Extra Picante 4x60 (240gr)",
    "category": "Chorizo",
    "url": "https://tienda.consum.es/es/p/chorizo-extra-picante-4x60/7076115",
    "price": 1.95,
    "reference_price": 8.13,
    "iva": 10,
    "reference_unit": "1 Kg",
    "date": "2023-01-17"
  },
  {
    "id": 10172,
    "name": "Barritas con Vitaminas para Canarios VITAKRAFT",
    "description": "Barritas con Vitaminas para Canarios 2 U",
    "category": "Comida para otras mascotas",
    "url": "https://tienda.consum.es/es/p/barritas-con-vitaminas-para-canarios/7104289",
    "price": 1.38,
    "reference_price": 0.69,
    "iva": 10,
    "reference_unit": "1 U",
    "date": "2023-01-17"
  },
  {
    "id": 10173,
    "name": "Jugoso al Horno Ajillo al Toque de Perejil MAGGI",
    "description": "Jugoso al Horno Ajillo al Toque de Perejil 34 Gr",
    "category": "Sazonadores",
    "url": "https://tienda.consum.es/es/p/jugoso-al-horno-ajillo-al-toque-de-perejil/7116486",
    "price": 1.19,
    "reference_price": 3.5,
    "iva": 10,
    "reference_unit": "100 Gr",
    "date": "2023-01-17"
  },
  {
    "id": 10175,
    "name": "Minibiscotte Integral CONSUM",
    "description": "Minibiscotte Integral 120 Gr",
    "category": "Tostadas y minibiscotes",
    "url": "https://tienda.consum.es/es/p/minibiscotte-integral/7117596",
    "price": 0.65,
    "reference_price": 5.42,
    "iva": 10,
    "reference_unit": "1 Kg",
    "date": "2023-01-17"
  },
  {
    "id": 10180,
    "name": "Mini Bombón Almendrado sin Azúcar 6 Unidades NESTLE",
    "description": "Mini Bombón Almendrado sin Azúcar 6 Unidades 162 Gr",
    "category": "Helados",
    "url": "https://tienda.consum.es/es/p/mini-bombon-almendrado-sin-azucar-6-unidades/7148443",
    "price": 4.89,
    "reference_price": 30.19,
    "iva": 10,
    "reference_unit": "1 Kg",
    "date": "2023-01-17"
  },
  {
    "id": 10182,
    "name": "Naranja ",
    "description": "Naranja",
    "category": "Cítricos",
    "url": "https://tienda.consum.es/es/p/naranja/7149755",
    "price": 0.46,
    "reference_price": 1.53,
    "iva": 0,
    "reference_unit": "1 Kg",
    "date": "2023-01-17"
  },
  {
    "id": 10183,
    "name": "Jugoso al Horno a la Barbacoa MAGGI",
    "description": "Jugoso al Horno a la Barbacoa 30 Gr",
    "category": "Sazonadores",
    "url": "https://tienda.consum.es/es/p/jugoso-al-horno-a-la-barbacoa/7150675",
    "price": 1.19,
    "reference_price": 3.97,
    "iva": 10,
    "reference_unit": "100 Gr",
    "date": "2023-01-17"
  },
  {
    "id": 10194,
    "name": "Patata Lavada Malla ",
    "description": "Patata Lavada Malla 5 Kg",
    "category": "Patatas, cebollas y ajos",
    "url": "https://tienda.consum.es/es/p/patata-lavada-malla/7194165",
    "price": 5.28,
    "reference_price": 1.06,
    "iva": 0,
    "reference_unit": "1 Kg",
    "date": "2023-01-17"
  },
  {
    "id": 10195,
    "name": "Salsa Soja con Menos Sal KIKKOMAN",
    "description": "Salsa Soja con Menos Sal 250 ml",
    "category": "Soja",
    "url": "https://tienda.consum.es/es/p/salsa-soja-con-menos-sal/7194553",
    "price": 4.65,
    "reference_price": 18.6,
    "iva": 10,
    "reference_unit": "1 L",
    "date": "2023-01-17"
  },
  {
    "id": 10196,
    "name": "Refresco Lima Limón Botella Free SEVEN UP",
    "description": "Refresco Lima Limón Botella Free 2 L",
    "category": "Limón y lima-limón",
    "url": "https://tienda.consum.es/es/p/refresco-lima-limon-botella-free/7194637",
    "price": 1.35,
    "reference_price": 0.68,
    "iva": 21,
    "reference_unit": "1 L",
    "date": "2023-01-17"
  },
  {
    "id": 10197,
    "name": "Refresco Tropical Sin Gas Botella TRINA",
    "description": "Refresco Tropical Sin Gas Botella 1,5 L",
    "category": "Refrescos sin gas",
    "url": "https://tienda.consum.es/es/p/refresco-tropical-sin-gas-botella/7195134",
    "price": 1.65,
    "reference_price": 1.1,
    "iva": 21,
    "reference_unit": "1 L",
    "date": "2023-01-17"
  },
  {
    "id": 10199,
    "name": "Bombón Magnum Almendrado 3 Unidades FRIGO",
    "description": "Bombón Magnum Almendrado 3 Unidades 328 Gr",
    "category": "Bombones",
    "url": "https://tienda.consum.es/es/p/bombon-magnum-almendrado-3-unidades/7195258",
    "price": 3.99,
    "reference_price": 12.16,
    "iva": 10,
    "reference_unit": "1 Kg",
    "date": "2023-01-17"
  },
  {
    "id": 10200,
    "name": "Tapones de Cera PHARMADOCT",
    "description": "Tapones de Cera 8 U",
    "category": "Otros",
    "url": "https://tienda.consum.es/es/p/tapones-de-cera/7196400",
    "price": 1.65,
    "reference_price": 0.21,
    "iva": 21,
    "reference_unit": "1 U",
    "date": "2023-01-17"
  },
  {
    "id": 10204,
    "name": "Arroz Bomba Paquete LA FALLERA",
    "description": "Arroz Bomba Paquete 500 Gr",
    "category": "Arroz",
    "url": "https://tienda.consum.es/es/p/arroz-bomba-paquete/7200186",
    "price": 2.88,
    "reference_price": 5.76,
    "iva": 0,
    "reference_unit": "1 Kg",
    "date": "2023-01-17"
  },
  {
    "id": 10208,
    "name": "Insecticida Bio Plus Pistola CUCHOL",
    "description": "Insecticida Bio Plus Pistola 460 ml",
    "category": "Anti hormigas y cucarachicidas",
    "url": "https://tienda.consum.es/es/p/insecticida-bio-plus-pistola/7213908",
    "price": 2.75,
    "reference_price": 5.98,
    "iva": 21,
    "reference_unit": "1 L",
    "date": "2023-01-17"
  },
  {
    "id": 10218,
    "name": "Caldo Natural de Puchero ANETO",
    "description": "Caldo Natural de Puchero 1 L",
    "category": "Caldos y sopas",
    "url": "https://tienda.consum.es/es/p/caldo-natural-de-puchero/7227650",
    "price": 4.5,
    "reference_price": 4.5,
    "iva": 10,
    "reference_unit": "1 L",
    "date": "2023-01-17"
  },
  {
    "id": 10219,
    "name": "Aceite de Oliva Virgen Extra Gran Selección CARBONELL",
    "description": "Aceite de Oliva Virgen Extra Gran Selección 0,75 L",
    "category": "Aceite de oliva virgen y virgen extra",
    "url": "https://tienda.consum.es/es/p/aceite-de-oliva-virgen-extra-gran-seleccion/7227663",
    "price": 6.06,
    "reference_price": 8.08,
    "iva": 5,
    "reference_unit": "1 L",
    "date": "2023-01-17"
  },
  {
    "id": 10222,
    "name": "Mini Bombón Doble Chocolate Cober. Menta CONSUM",
    "description": "Mini Bombón Doble Chocolate Cober. Menta 240 Gr",
    "category": "Bombones",
    "url": "https://tienda.consum.es/es/p/mini-bombon-doble-chocolate-cober-menta/7231314",
    "price": 3.49,
    "reference_price": 14.54,
    "iva": 10,
    "reference_unit": "1 Kg",
    "date": "2023-01-17"
  },
  {
    "id": 10226,
    "name": "Molinillo Sal Rosa del Himalaya TOQUE",
    "description": "Molinillo Sal Rosa del Himalaya 105 Gr",
    "category": "Sal y especias",
    "url": "https://tienda.consum.es/es/p/molinillo-sal-rosa-del-himalaya/7232598",
    "price": 1.95,
    "reference_price": 18.57,
    "iva": 10,
    "reference_unit": "1 Kg",
    "date": "2023-01-17"
  },
  {
    "id": 10236,
    "name": "Pizza congelada Ristorante Carbonara DR.OETKER",
    "description": "Pizza congelada Ristorante Carbonara 340 Gr",
    "category": "Pizza congelada",
    "url": "https://tienda.consum.es/es/p/pizza-congelada-ristorante-carbonara/7241594",
    "price": 4.25,
    "reference_price": 12.5,
    "iva": 10,
    "reference_unit": "1 Kg",
    "date": "2023-01-17"
  },
  {
    "id": 10238,
    "name": "Granizado de Cebada Pack de 2 Unidades MONZO",
    "description": "Granizado de Cebada Pack de 2 Unidades 400 Gr",
    "category": "Horchatas y granizados",
    "url": "https://tienda.consum.es/es/p/granizado-de-cebada-pack-de-2-unidades/7242530",
    "price": 1.59,
    "reference_price": 3.98,
    "iva": 10,
    "reference_unit": "1 Kg",
    "date": "2023-01-17"
  },
  {
    "id": 10245,
    "name": "Crema Sustitutiva Chocolate Intenso BIMANAN",
    "description": "Crema Sustitutiva Chocolate Intenso 2 x 210 Gr",
    "category": "Lácteos y derivados",
    "url": "https://tienda.consum.es/es/p/crema-sustitutiva-chocolate-intenso/7249696",
    "price": 5.49,
    "reference_price": 13.07,
    "iva": 10,
    "reference_unit": "1 Kg",
    "date": "2023-01-17"
  },
  {
    "id": 10248,
    "name": "Champú Familiar KYREY",
    "description": "Champú Familiar 1000 ml",
    "category": "Champú",
    "url": "https://tienda.consum.es/es/p/champu-familiar/7252013",
    "price": 0.99,
    "reference_price": 0.1,
    "iva": 21,
    "reference_unit": "100 ml",
    "date": "2023-01-17"
  },
  {
    "id": 10250,
    "name": "Corn Flakes Classic sin Azúcar y sin Gluten ESGIR",
    "description": "Corn Flakes Classic sin Azúcar y sin Gluten 300 Gr",
    "category": "Cereales",
    "url": "https://tienda.consum.es/es/p/corn-flakes-classic-sin-azucar-y-sin-gluten/7256873",
    "price": 1.99,
    "reference_price": 6.63,
    "iva": 10,
    "reference_unit": "1 Kg",
    "date": "2023-01-17"
  },
  {
    "id": 10252,
    "name": "Enjuague Bucal Mentol LISTERINE",
    "description": "Enjuague Bucal Mentol 1000 ml",
    "category": "Antisépticos y enjuagues",
    "url": "https://tienda.consum.es/es/p/enjuague-bucal-mentol/7259443",
    "price": 9.95,
    "reference_price": 1,
    "iva": 21,
    "reference_unit": "100 ml",
    "date": "2023-01-17"
  },
  {
    "id": 10253,
    "name": "Activia 0% Cremoso Vainilla de Madagascar DANONE",
    "description": "Activia 0% Cremoso Vainilla de Madagascar 4 x 120 Gr",
    "category": "Bífidus",
    "url": "https://tienda.consum.es/es/p/activia-0-cremoso-vainilla-de-madagascar/7259666",
    "price": 2.69,
    "reference_price": 5.6,
    "iva": 10,
    "reference_unit": "1 Kg",
    "date": "2023-01-17"
  },
  {
    "id": 10257,
    "name": "Croissant Relleno de Chocolate 6 Unidades ",
    "description": "Croissant Relleno de Chocolate 6 Unidades 180 Gr",
    "category": "Croissants y ensaimadas",
    "url": "https://tienda.consum.es/es/p/croissant-relleno-de-chocolate-6-unidades/7261311",
    "price": 1.79,
    "reference_price": 9.94,
    "iva": 10,
    "reference_unit": "1 Kg",
    "date": "2023-01-17"
  },
  {
    "id": 10259,
    "name": "Mozzarella Buffala DOP SPIGA",
    "description": "Mozzarella Buffala DOP 125 Gr",
    "category": "Frescos y para ensaladas",
    "url": "https://tienda.consum.es/es/p/mozzarella-buffala-dop/7262673",
    "price": 1.91,
    "reference_price": 15.28,
    "iva": 0,
    "reference_unit": "1 Kg",
    "date": "2023-01-17"
  },
  {
    "id": 10260,
    "name": "Nata Cocina Pack de 3 Minibrik CONSUM",
    "description": "Nata Cocina Pack de 3 Minibrik 3 x 200 ml",
    "category": "Nata para cocinar",
    "url": "https://tienda.consum.es/es/p/nata-cocina-pack-de-3-minibrik/7264096",
    "price": 1.75,
    "reference_price": 2.92,
    "iva": 10,
    "reference_unit": "1 L",
    "date": "2023-01-17"
  },
  {
    "id": 10268,
    "name": "Cepillo Dental Suave Accion Completa SENSODYNE",
    "description": "Cepillo Dental Suave Accion Completa 1 U",
    "category": "Cepillos de dientes",
    "url": "https://tienda.consum.es/es/p/cepillo-dental-suave-accion-completa/7267516",
    "price": 3.65,
    "reference_price": 3.65,
    "iva": 21,
    "reference_unit": "1 U",
    "date": "2023-01-17"
  },
  {
    "id": 10272,
    "name": "Acondicionador Bifásico NELLY",
    "description": "Acondicionador Bifásico 100 ml",
    "category": "Acondicionadores",
    "url": "https://tienda.consum.es/es/p/acondicionador-bifasico/7270051",
    "price": 2.25,
    "reference_price": 2.25,
    "iva": 21,
    "reference_unit": "100 ml",
    "date": "2023-01-17"
  },
  {
    "id": 10273,
    "name": "Sepia Limpia ",
    "description": "Sepia Limpia 300 Gr",
    "category": "Pescadería",
    "url": "https://tienda.consum.es/es/p/sepia-limpia/7270395",
    "price": 5.56,
    "reference_price": 18.5,
    "iva": 10,
    "reference_unit": "1 Kg",
    "date": "2023-01-17"
  },
  {
    "id": 10281,
    "name": "Cerveza Shandy Pack de 6 Botellas CRUZCAMPO",
    "description": "Cerveza Shandy Pack de 6 Botellas 6 x 0,25 L",
    "category": "Importación botella",
    "url": "https://tienda.consum.es/es/p/cerveza-shandy-pack-de-6-botellas/45278",
    "price": 3.19,
    "reference_price": 2.13,
    "iva": 21,
    "reference_unit": "1 L",
    "date": "2023-01-17"
  },
  {
    "id": 10282,
    "name": "Chili con Carne Lata OLD EL PASO",
    "description": "Chili con Carne Lata 418 Gr",
    "category": "Cocina internacional",
    "url": "https://tienda.consum.es/es/p/chili-con-carne-lata/122903",
    "price": 4.03,
    "reference_price": 9.64,
    "iva": 10,
    "reference_unit": "1 Kg",
    "date": "2023-01-17"
  },
  {
    "id": 10283,
    "name": "Licor de Hierbas RUAVIEJA",
    "description": "Licor de Hierbas 0,7 L",
    "category": "Licores y vermouth",
    "url": "https://tienda.consum.es/es/p/licor-de-hierbas/138909",
    "price": 9.6,
    "reference_price": 13.71,
    "iva": 21,
    "reference_unit": "1 L",
    "date": "2023-01-17"
  },
  {
    "id": 10288,
    "name": "Tinte Nº1 Negro LLONGUERAS",
    "description": "Tinte Nº1 Negro 1 U",
    "category": "Coloración",
    "url": "https://tienda.consum.es/es/p/tinte-n1-negro/251751",
    "price": 6.59,
    "reference_price": 6.59,
    "iva": 21,
    "reference_unit": "1 U",
    "date": "2023-01-17"
  },
  {
    "id": 10289,
    "name": "Tallarines Carbonara Sobre G.BLANCA",
    "description": "Tallarines Carbonara Sobre 143 Gr",
    "category": "Preparados en sobre",
    "url": "https://tienda.consum.es/es/p/tallarines-carbonara-sobre/301580",
    "price": 1.99,
    "reference_price": 13.92,
    "iva": 10,
    "reference_unit": "1 Kg",
    "date": "2023-01-17"
  },
  {
    "id": 10290,
    "name": "Whisky Scotch BALLANTINES",
    "description": "Whisky Scotch 0,7 L",
    "category": "Licores y vermouth",
    "url": "https://tienda.consum.es/es/p/whisky-scotch/315713",
    "price": 12,
    "reference_price": 17.14,
    "iva": 21,
    "reference_unit": "1 L",
    "date": "2023-01-17"
  },
  {
    "id": 10291,
    "name": "Cerveza Danesa Pack de 6 Botellas CARLSBERG",
    "description": "Cerveza Danesa Pack de 6 Botellas 6 x 0,25 L",
    "category": "Importación botella",
    "url": "https://tienda.consum.es/es/p/cerveza-danesa-pack-de-6-botellas/323808",
    "price": 4.99,
    "reference_price": 3.33,
    "iva": 21,
    "reference_unit": "1 L",
    "date": "2023-01-17"
  },
  {
    "id": 10292,
    "name": "Anisette Dulce M.BRIZARD",
    "description": "Anisette Dulce 1 L",
    "category": "Licores y vermouth",
    "url": "https://tienda.consum.es/es/p/anisette-dulce/379115",
    "price": 9.5,
    "reference_price": 9.5,
    "iva": 21,
    "reference_unit": "1 L",
    "date": "2023-01-17"
  },
  {
    "id": 10294,
    "name": "Tinte Nº1 Negro EXCELLENCE",
    "description": "Tinte Nº1 Negro 1 U",
    "category": "Coloración",
    "url": "https://tienda.consum.es/es/p/tinte-n1-negro/441113",
    "price": 7.9,
    "reference_price": 7.9,
    "iva": 21,
    "reference_unit": "1 U",
    "date": "2023-01-17"
  },
  {
    "id": 10295,
    "name": "Tinte Nº5.6 Caoba EXCELLENCE",
    "description": "Tinte Nº5.6 Caoba 1 U",
    "category": "Coloración",
    "url": "https://tienda.consum.es/es/p/tinte-n56-caoba/441428",
    "price": 7.9,
    "reference_price": 7.9,
    "iva": 21,
    "reference_unit": "1 U",
    "date": "2023-01-17"
  },
  {
    "id": 10296,
    "name": "Tinte Nº6.46 Rubio Cobrizo EXCELLENCE",
    "description": "Tinte Nº6.46 Rubio Cobrizo 1 U",
    "category": "Coloración",
    "url": "https://tienda.consum.es/es/p/tinte-n646-rubio-cobrizo/441451",
    "price": 7.9,
    "reference_price": 7.9,
    "iva": 21,
    "reference_unit": "1 U",
    "date": "2023-01-17"
  },
  {
    "id": 10301,
    "name": "Tinte Mechas M1 Ultra NORDIC",
    "description": "Tinte Mechas M1 Ultra 1 U",
    "category": "Coloración",
    "url": "https://tienda.consum.es/es/p/tinte-mechas-m1-ultra/638908",
    "price": 8,
    "reference_price": 8,
    "iva": 21,
    "reference_unit": "1 U",
    "date": "2023-01-17"
  },
  {
    "id": 10302,
    "name": "Fajita Kit OLD EL PASO",
    "description": "Fajita Kit 500 Gr",
    "category": "Cocina internacional",
    "url": "https://tienda.consum.es/es/p/fajita-kit/650754",
    "price": 5.99,
    "reference_price": 11.98,
    "iva": 10,
    "reference_unit": "1 Kg",
    "date": "2023-01-17"
  },
  {
    "id": 10310,
    "name": "Leche Body Tonic Reafirmante GARNIER",
    "description": "Leche Body Tonic Reafirmante 400 ml",
    "category": "Body-lociones",
    "url": "https://tienda.consum.es/es/p/leche-body-tonic-reafirmante/5317854",
    "price": 5.79,
    "reference_price": 1.45,
    "iva": 21,
    "reference_unit": "100 ml",
    "date": "2023-01-17"
  },
  {
    "id": 10313,
    "name": "Gel Depilatorio Hombre Piel Normal VEET",
    "description": "Gel Depilatorio Hombre Piel Normal 200 ml",
    "category": "Crema, gel y spray",
    "url": "https://tienda.consum.es/es/p/gel-depilatorio-hombre-piel-normal/7025625",
    "price": 4.5,
    "reference_price": 2.25,
    "iva": 21,
    "reference_unit": "100 ml",
    "date": "2023-01-17"
  },
  {
    "id": 10316,
    "name": "Atún Claro en Escabeche Pack de 3 CONSUM",
    "description": "Atún Claro en Escabeche Pack de 3 3 x 52 Gr",
    "category": "Atún y bonito",
    "url": "https://tienda.consum.es/es/p/atun-claro-en-escabeche-pack-de-3/7046089",
    "price": 2.49,
    "reference_price": 15.96,
    "iva": 10,
    "reference_unit": "1 Kg",
    "date": "2023-01-17"
  },
  {
    "id": 10317,
    "name": "Activia con Pera Yogur Bífidus P-4 ud. DANONE",
    "description": "Activia con Pera Yogur Bífidus P-4 ud. 4 x 120 Gr",
    "category": "Bífidus",
    "url": "https://tienda.consum.es/es/p/activia-con-pera-yogur-bifidus-p-4-ud/7046514",
    "price": 2.89,
    "reference_price": 6.02,
    "iva": 10,
    "reference_unit": "1 Kg",
    "date": "2023-01-17"
  },
  {
    "id": 10318,
    "name": "Caldo para Paella Carne Frasco LA FALLERA",
    "description": "Caldo para Paella Carne Frasco 600 ml",
    "category": "Caldos y sopas",
    "url": "https://tienda.consum.es/es/p/caldo-para-paella-carne-frasco/7049240",
    "price": 3.79,
    "reference_price": 6.32,
    "iva": 10,
    "reference_unit": "1 L",
    "date": "2023-01-17"
  },
  {
    "id": 10319,
    "name": "Cardo congelado FINDUS",
    "description": "Cardo congelado 400 Gr",
    "category": "Otras verduras",
    "url": "https://tienda.consum.es/es/p/cardo-congelado/7052517",
    "price": 3.84,
    "reference_price": 9.6,
    "iva": 0,
    "reference_unit": "1 Kg",
    "date": "2023-01-17"
  },
  {
    "id": 10321,
    "name": "Snack Galleta Perros Galleta Perros PEDIGREE",
    "description": "Snack Galleta Perros Galleta Perros 500 Gr",
    "category": "Snacks",
    "url": "https://tienda.consum.es/es/p/snack-galleta-perros-galleta-perros/7071640",
    "price": 2.29,
    "reference_price": 4.58,
    "iva": 10,
    "reference_unit": "1 Kg",
    "date": "2023-01-17"
  },
  {
    "id": 10322,
    "name": "Sazonador Guacamole OLD EL PASO",
    "description": "Sazonador Guacamole 20 Gr",
    "category": "Sazonadores",
    "url": "https://tienda.consum.es/es/p/sazonador-guacamole/7072747",
    "price": 1.39,
    "reference_price": 6.95,
    "iva": 10,
    "reference_unit": "100 Gr",
    "date": "2023-01-17"
  },
  {
    "id": 10327,
    "name": "Insecticida Eléctrico Aparato Líq. más 2rec. BLOOM",
    "description": "Insecticida Eléctrico Aparato Líq. más 2rec. 1 U",
    "category": "Eléctricos",
    "url": "https://tienda.consum.es/es/p/insecticida-electrico-aparato-liq-mas-2rec/7102218",
    "price": 7.29,
    "reference_price": 7.29,
    "iva": 21,
    "reference_unit": "1 U",
    "date": "2023-01-17"
  },
  {
    "id": 10329,
    "name": "Harina de Maíz Paquete DOÑAREPA",
    "description": "Harina de Maíz Paquete 1 Kg",
    "category": "Cocina internacional",
    "url": "https://tienda.consum.es/es/p/harina-de-maiz-paquete/7113830",
    "price": 2.39,
    "reference_price": 2.39,
    "iva": 0,
    "reference_unit": "1 Kg",
    "date": "2023-01-17"
  },
  {
    "id": 10331,
    "name": "Perejil Troceado congelado FINDUS",
    "description": "Perejil Troceado congelado 50 Gr",
    "category": "Condimentos",
    "url": "https://tienda.consum.es/es/p/perejil-troceado-congelado/7119204",
    "price": 2.39,
    "reference_price": 47.8,
    "iva": 0,
    "reference_unit": "1 Kg",
    "date": "2023-01-17"
  },
  {
    "id": 10332,
    "name": "Maíz Superdulce congelado FINDUS",
    "description": "Maíz Superdulce congelado 300 Gr",
    "category": "Otras verduras",
    "url": "https://tienda.consum.es/es/p/maiz-superdulce-congelado/7119233",
    "price": 2.78,
    "reference_price": 9.27,
    "iva": 0,
    "reference_unit": "1 Kg",
    "date": "2023-01-17"
  },
  {
    "id": 10333,
    "name": "Coles de Bruselas congeladas FINDUS",
    "description": "Coles de Bruselas congeladas 400 Gr",
    "category": "Espinacas,coles y alcachofas",
    "url": "https://tienda.consum.es/es/p/coles-de-bruselas-congeladas/7119238",
    "price": 2.78,
    "reference_price": 6.95,
    "iva": 0,
    "reference_unit": "1 Kg",
    "date": "2023-01-17"
  },
  {
    "id": 10334,
    "name": "Huerta Tortellini Ricotta y Espinacas RANA",
    "description": "Huerta Tortellini Ricotta y Espinacas 250 Gr",
    "category": "Pasta fresca",
    "url": "https://tienda.consum.es/es/p/huerta-tortellini-ricotta-y-espinacas/7119514",
    "price": 3.77,
    "reference_price": 15.08,
    "iva": 5,
    "reference_unit": "1 Kg",
    "date": "2023-01-17"
  },
  {
    "id": 10336,
    "name": "Calamar en su Tinta Lata Pack de 3 CALVO",
    "description": "Calamar en su Tinta Lata Pack de 3 3 x 48 Gr",
    "category": "Calamares y chipirones",
    "url": "https://tienda.consum.es/es/p/calamar-en-su-tinta-lata-pack-de-3/7120033",
    "price": 2.89,
    "reference_price": 20.07,
    "iva": 10,
    "reference_unit": "1 Kg",
    "date": "2023-01-17"
  },
  {
    "id": 10339,
    "name": "Curry Rojo Thailandés AHG",
    "description": "Curry Rojo Thailandés 50 Gr",
    "category": "Cocina internacional",
    "url": "https://tienda.consum.es/es/p/curry-rojo-thailandes/7139731",
    "price": 2.15,
    "reference_price": 43,
    "iva": 10,
    "reference_unit": "1 Kg",
    "date": "2023-01-17"
  },
  {
    "id": 10340,
    "name": "Tikka Masala Indio AHG",
    "description": "Tikka Masala Indio 50 Gr",
    "category": "Cocina internacional",
    "url": "https://tienda.consum.es/es/p/tikka-masala-indio/7139744",
    "price": 2.15,
    "reference_price": 43,
    "iva": 10,
    "reference_unit": "1 Kg",
    "date": "2023-01-17"
  },
  {
    "id": 10341,
    "name": "Pollo al Curry Madrás AHG",
    "description": "Pollo al Curry Madrás 50 Gr",
    "category": "Cocina internacional",
    "url": "https://tienda.consum.es/es/p/pollo-al-curry-madras/7139749",
    "price": 2.15,
    "reference_price": 43,
    "iva": 10,
    "reference_unit": "1 Kg",
    "date": "2023-01-17"
  },
  {
    "id": 10353,
    "name": "Lima Zafiro KYREY",
    "description": "Lima Zafiro 1 U",
    "category": "Manicura y pedicura",
    "url": "https://tienda.consum.es/es/p/lima-zafiro/7156701",
    "price": 1.65,
    "reference_price": 1.65,
    "iva": 21,
    "reference_unit": "1 U",
    "date": "2023-01-17"
  },
  {
    "id": 10359,
    "name": "Caldo de Carne Concentrado BOVRIL",
    "description": "Caldo de Carne Concentrado 125 Gr",
    "category": "Caldos y sopas",
    "url": "https://tienda.consum.es/es/p/caldo-de-carne-concentrado/7168701",
    "price": 2.99,
    "reference_price": 23.92,
    "iva": 10,
    "reference_unit": "1 Kg",
    "date": "2023-01-17"
  },
  {
    "id": 10362,
    "name": "Sopa Maravilla Sobre CONSUM",
    "description": "Sopa Maravilla Sobre 66 Gr",
    "category": "En sobre",
    "url": "https://tienda.consum.es/es/p/sopa-maravilla-sobre/7178721",
    "price": 0.49,
    "reference_price": 7.42,
    "iva": 10,
    "reference_unit": "1 Kg",
    "date": "2023-01-17"
  },
  {
    "id": 10364,
    "name": "Tarrinas Collection Chocolate P-4 x 95Ml. HAAGEN DAZS",
    "description": "Tarrinas Collection Chocolate P-4 x 95Ml. 345 Gr",
    "category": "Tarrinas",
    "url": "https://tienda.consum.es/es/p/tarrinas-collection-chocolate-p-4-x-95ml/7181266",
    "price": 6.99,
    "reference_price": 20.26,
    "iva": 10,
    "reference_unit": "1 Kg",
    "date": "2023-01-17"
  },
  {
    "id": 10366,
    "name": "Tinte Creme Gloss 210 Noir Ble CASTING",
    "description": "Tinte Creme Gloss 210 Noir Ble 1 U",
    "category": "Coloración",
    "url": "https://tienda.consum.es/es/p/tinte-creme-gloss-210-noir-ble/7183247",
    "price": 6,
    "reference_price": 6,
    "iva": 21,
    "reference_unit": "1 U",
    "date": "2023-01-17"
  },
  {
    "id": 10367,
    "name": "Tinte Creme Gloss 700 Blond CASTING",
    "description": "Tinte Creme Gloss 700 Blond 1 U",
    "category": "Coloración",
    "url": "https://tienda.consum.es/es/p/tinte-creme-gloss-700-blond/7183275",
    "price": 6,
    "reference_price": 6,
    "iva": 21,
    "reference_unit": "1 U",
    "date": "2023-01-17"
  },
  {
    "id": 10368,
    "name": "Tinte Creme Gloss 316 Prune CASTING",
    "description": "Tinte Creme Gloss 316 Prune 1 U",
    "category": "Coloración",
    "url": "https://tienda.consum.es/es/p/tinte-creme-gloss-316-prune/7183283",
    "price": 6,
    "reference_price": 6,
    "iva": 21,
    "reference_unit": "1 U",
    "date": "2023-01-17"
  },
  {
    "id": 10371,
    "name": "Vino TInto Crianza D.O.Rioja EDERRA",
    "description": "Vino TInto Crianza D.O.Rioja 0,75 L",
    "category": "Vinos d.o",
    "url": "https://tienda.consum.es/es/p/vino-tinto-crianza-dorioja/7185077",
    "price": 6.99,
    "reference_price": 9.32,
    "iva": 21,
    "reference_unit": "1 L",
    "date": "2023-01-17"
  },
  {
    "id": 10373,
    "name": "Tinte 1.0 Negro Ebano OLIA",
    "description": "Tinte 1.0 Negro Ebano 1 U",
    "category": "Coloración",
    "url": "https://tienda.consum.es/es/p/tinte-10-negro-ebano/7189413",
    "price": 6.3,
    "reference_price": 6.3,
    "iva": 21,
    "reference_unit": "1 U",
    "date": "2023-01-17"
  },
  {
    "id": 10374,
    "name": "Tinte 10.1 Rubio Extraclaro OLIA",
    "description": "Tinte 10.1 Rubio Extraclaro 1 1 U",
    "category": "Coloración",
    "url": "https://tienda.consum.es/es/p/tinte-101-rubio-extraclaro/7189418",
    "price": 6.3,
    "reference_price": 6.3,
    "iva": 21,
    "reference_unit": "1 U",
    "date": "2023-01-17"
  },
  {
    "id": 10375,
    "name": "Tinte 4.0 Castaño OLIA",
    "description": "Tinte 4.0 Castaño 1 U",
    "category": "Coloración",
    "url": "https://tienda.consum.es/es/p/tinte-40-castano/7189421",
    "price": 6.3,
    "reference_price": 6.3,
    "iva": 21,
    "reference_unit": "1 U",
    "date": "2023-01-17"
  },
  {
    "id": 10376,
    "name": "Tinte 8.0 Rubio Claro OLIA",
    "description": "Tinte 8.0 Rubio Claro 1 U",
    "category": "Coloración",
    "url": "https://tienda.consum.es/es/p/tinte-80-rubio-claro/7189454",
    "price": 6.3,
    "reference_price": 6.3,
    "iva": 21,
    "reference_unit": "1 U",
    "date": "2023-01-17"
  },
  {
    "id": 10377,
    "name": "Tinte 9.0 Rubio Muy Claro OLIA",
    "description": "Tinte 9.0 Rubio Muy Claro 1 U",
    "category": "Coloración",
    "url": "https://tienda.consum.es/es/p/tinte-90-rubio-muy-claro/7189459",
    "price": 6.3,
    "reference_price": 6.3,
    "iva": 21,
    "reference_unit": "1 U",
    "date": "2023-01-17"
  },
  {
    "id": 10378,
    "name": "Oblea 16 unidades BUITONI",
    "description": "Oblea 16 unidades 280 Gr",
    "category": "Refrigeradas",
    "url": "https://tienda.consum.es/es/p/oblea-16-unidades/7190601",
    "price": 1.65,
    "reference_price": 5.89,
    "iva": 10,
    "reference_unit": "1 Kg",
    "date": "2023-01-17"
  },
  {
    "id": 10380,
    "name": "Salfumant JOSMI",
    "description": "Salfumant 5 L",
    "category": "Otros limpiadores específicos",
    "url": "https://tienda.consum.es/es/p/salfumant/7194124",
    "price": 4.25,
    "reference_price": 0.85,
    "iva": 21,
    "reference_unit": "1 L",
    "date": "2023-01-17"
  },
  {
    "id": 10390,
    "name": "Comprimidos Alcachofa NATURTIERRA",
    "description": "Comprimidos Alcachofa 80 Gr",
    "category": "Fitoterapia",
    "url": "https://tienda.consum.es/es/p/comprimidos-alcachofa/7206738",
    "price": 4.55,
    "reference_price": 56.88,
    "iva": 10,
    "reference_unit": "1 Kg",
    "date": "2023-01-17"
  },
  {
    "id": 10392,
    "name": "Cola Caballo Comprimidos NATURTIERRA",
    "description": "Cola Caballo Comprimidos 80 U",
    "category": "Fitoterapia",
    "url": "https://tienda.consum.es/es/p/cola-caballo-comprimidos/7206766",
    "price": 4.55,
    "reference_price": 0.06,
    "iva": 10,
    "reference_unit": "1 U",
    "date": "2023-01-17"
  },
  {
    "id": 10394,
    "name": "Comprimidos Omega 3 NATURTIERRA",
    "description": "Comprimidos Omega 3 80 U",
    "category": "Fitoterapia",
    "url": "https://tienda.consum.es/es/p/comprimidos-omega-3/7206977",
    "price": 4.99,
    "reference_price": 0.06,
    "iva": 10,
    "reference_unit": "1 U",
    "date": "2023-01-17"
  },
  {
    "id": 10395,
    "name": "Cápsulas Multivitaminico NATURTIERRA",
    "description": "Cápsulas Multivitaminico 60 U",
    "category": "Fitoterapia",
    "url": "https://tienda.consum.es/es/p/capsulas-multivitaminico/7206985",
    "price": 3.95,
    "reference_price": 0.07,
    "iva": 10,
    "reference_unit": "1 U",
    "date": "2023-01-17"
  },
  {
    "id": 10396,
    "name": "Cápsulas Onagra NATURTIERRA",
    "description": "Cápsulas Onagra 60 U",
    "category": "Fitoterapia",
    "url": "https://tienda.consum.es/es/p/capsulas-onagra/7207004",
    "price": 4.99,
    "reference_price": 0.08,
    "iva": 10,
    "reference_unit": "1 U",
    "date": "2023-01-17"
  },
  {
    "id": 10398,
    "name": "Protector Callos Oval Latex PHARMADOCT",
    "description": "Protector Callos Oval Latex 9 U",
    "category": "Manicura y pedicura",
    "url": "https://tienda.consum.es/es/p/protector-callos-oval-latex/7207707",
    "price": 1.65,
    "reference_price": 0.18,
    "iva": 21,
    "reference_unit": "1 U",
    "date": "2023-01-17"
  },
  {
    "id": 10401,
    "name": "Pastillas Efervescentes Multivitamina VITA PULS",
    "description": "Pastillas Efervescentes Multivitamina 20 U",
    "category": "Fitoterapia",
    "url": "https://tienda.consum.es/es/p/pastillas-efervescentes-multivitamina/7209559",
    "price": 2.55,
    "reference_price": 0.13,
    "iva": 10,
    "reference_unit": "1 U",
    "date": "2023-01-17"
  },
  {
    "id": 10403,
    "name": "Sardinas Bajas en Sal en Aceite de Oliva CABO PEÑAS",
    "description": "Sardinas Bajas en Sal en Aceite de Oliva 84 Gr",
    "category": "Sardinas",
    "url": "https://tienda.consum.es/es/p/sardinas-bajas-en-sal-en-aceite-de-oliva/7212426",
    "price": 1.79,
    "reference_price": 21.31,
    "iva": 10,
    "reference_unit": "1 Kg",
    "date": "2023-01-17"
  },
  {
    "id": 10405,
    "name": "Canelones congelados de Carne con Bechamel MAHESO",
    "description": "Canelones congelados de Carne con Bechamel 1 Kg",
    "category": "Canelones y lasañas",
    "url": "https://tienda.consum.es/es/p/canelones-congelados-de-carne-con-bechamel/7213098",
    "price": 5.68,
    "reference_price": 5.68,
    "iva": 5,
    "reference_unit": "1 Kg",
    "date": "2023-01-17"
  },
  {
    "id": 10408,
    "name": "Caldo de Pollo Bajo en Sal ANETO",
    "description": "Caldo de Pollo Bajo en Sal 1 L",
    "category": "Caldos y sopas",
    "url": "https://tienda.consum.es/es/p/caldo-de-pollo-bajo-en-sal/7217292",
    "price": 3.95,
    "reference_price": 3.95,
    "iva": 10,
    "reference_unit": "1 L",
    "date": "2023-01-17"
  },
  {
    "id": 10409,
    "name": "Sazonador Pollo Fajitas Sobre ZANUY",
    "description": "Sazonador Pollo Fajitas Sobre 35 Gr",
    "category": "Sazonadores",
    "url": "https://tienda.consum.es/es/p/sazonador-pollo-fajitas-sobre/7218451",
    "price": 0.85,
    "reference_price": 2.43,
    "iva": 10,
    "reference_unit": "100 Gr",
    "date": "2023-01-17"
  },
  {
    "id": 10422,
    "name": "Comprimidos Arándono Rojo NATURTIERRA",
    "description": "Comprimidos Arándono Rojo 30 U",
    "category": "Fitoterapia",
    "url": "https://tienda.consum.es/es/p/comprimidos-arandono-rojo/7224751",
    "price": 4.95,
    "reference_price": 0.17,
    "iva": 10,
    "reference_unit": "1 U",
    "date": "2023-01-17"
  },
  {
    "id": 10423,
    "name": "Ampollas Alcachofa+Hinojo NATURTIERRA",
    "description": "Ampollas Alcachofa+Hinojo 10 U",
    "category": "Fitoterapia",
    "url": "https://tienda.consum.es/es/p/ampollas-alcachofahinojo/7224769",
    "price": 5.99,
    "reference_price": 0.6,
    "iva": 10,
    "reference_unit": "1 U",
    "date": "2023-01-17"
  },
  {
    "id": 10424,
    "name": "Cerveza Celiacos S/A 00 Botella AMBAR 0,0",
    "description": "Cerveza Celiacos S/A 00 Botella 0,33 L",
    "category": "Cervezas",
    "url": "https://tienda.consum.es/es/p/cerveza-celiacos-s/a-00-botella/7225006",
    "price": 1.11,
    "reference_price": 3.36,
    "iva": 21,
    "reference_unit": "1 L",
    "date": "2023-01-17"
  },
  {
    "id": 10426,
    "name": "Sazonador Burritos Sobre OLD EL PASO",
    "description": "Sazonador Burritos Sobre 40 Gr",
    "category": "Sazonadores",
    "url": "https://tienda.consum.es/es/p/sazonador-burritos-sobre/7227044",
    "price": 1.39,
    "reference_price": 3.48,
    "iva": 10,
    "reference_unit": "100 Gr",
    "date": "2023-01-17"
  },
  {
    "id": 10430,
    "name": "Anillas de Potón congeladas M.MORENO",
    "description": "Anillas de Potón congeladas 360 Gr",
    "category": "Pescados y mariscos",
    "url": "https://tienda.consum.es/es/p/anillas-de-poton-congeladas/7231736",
    "price": 3.89,
    "reference_price": 10.81,
    "iva": 10,
    "reference_unit": "1 Kg",
    "date": "2023-01-17"
  },
  {
    "id": 10445,
    "name": "Laca Fijación Normal ELNETT",
    "description": "Laca Fijación Normal 300 ml",
    "category": "Lacas",
    "url": "https://tienda.consum.es/es/p/laca-fijacion-normal/7237522",
    "price": 5.59,
    "reference_price": 1.86,
    "iva": 21,
    "reference_unit": "100 ml",
    "date": "2023-01-17"
  },
  {
    "id": 10446,
    "name": "Ron Blanco CALIBRE 38",
    "description": "Ron Blanco 0,7 L",
    "category": "Licores y vermouth",
    "url": "https://tienda.consum.es/es/p/ron-blanco/7237936",
    "price": 5.19,
    "reference_price": 7.41,
    "iva": 21,
    "reference_unit": "1 L",
    "date": "2023-01-17"
  },
  {
    "id": 10455,
    "name": "Tinte 4.99 Violín PALETTE",
    "description": "Tinte 4.99 Violín 1 U",
    "category": "Coloración",
    "url": "https://tienda.consum.es/es/p/tinte-499-violin/7246077",
    "price": 4.29,
    "reference_price": 4.29,
    "iva": 21,
    "reference_unit": "1 U",
    "date": "2023-01-17"
  },
  {
    "id": 10458,
    "name": "Tinte Castaño Cobrizo Dorado Nº46 COLORSILK",
    "description": "Tinte Castaño Cobrizo Dorado Nº46 1 U",
    "category": "Coloración",
    "url": "https://tienda.consum.es/es/p/tinte-castano-cobrizo-dorado-n46/7247158",
    "price": 3.59,
    "reference_price": 3.59,
    "iva": 21,
    "reference_unit": "1 U",
    "date": "2023-01-17"
  },
  {
    "id": 10459,
    "name": "Tinte Rubio Oscuro Nº61 COLORSILK",
    "description": "Tinte Rubio Oscuro Nº61 1 U",
    "category": "Coloración",
    "url": "https://tienda.consum.es/es/p/tinte-rubio-oscuro-n61/7247161",
    "price": 3.59,
    "reference_price": 3.59,
    "iva": 21,
    "reference_unit": "1 U",
    "date": "2023-01-17"
  },
  {
    "id": 10460,
    "name": "Tinte Borgoña Nº48 COLORSILK",
    "description": "Tinte Borgoña Nº48 1 U",
    "category": "Coloración",
    "url": "https://tienda.consum.es/es/p/tinte-borgona-n48/7247190",
    "price": 3.59,
    "reference_price": 3.59,
    "iva": 21,
    "reference_unit": "1 U",
    "date": "2023-01-17"
  },
  {
    "id": 10461,
    "name": "Salsa Teriyaki Botella BLUE DRAGON",
    "description": "Salsa Teriyaki Botella 150 ml",
    "category": "Otras salsas",
    "url": "https://tienda.consum.es/es/p/salsa-teriyaki-botella/7248719",
    "price": 2.15,
    "reference_price": 14.33,
    "iva": 10,
    "reference_unit": "1 L",
    "date": "2023-01-17"
  },
  {
    "id": 10463,
    "name": "Limonada 100% Exprimida FRUTAE",
    "description": "Limonada 100% Exprimida 1 L",
    "category": "Refrescos sin gas",
    "url": "https://tienda.consum.es/es/p/limonada-100-exprimida/7248847",
    "price": 2.45,
    "reference_price": 2.45,
    "iva": 21,
    "reference_unit": "1 L",
    "date": "2023-01-17"
  },
  {
    "id": 10465,
    "name": "Wasabi Pasta BLUE DRAGON",
    "description": "Wasabi Pasta 45 Gr",
    "category": "Cocina internacional",
    "url": "https://tienda.consum.es/es/p/wasabi-pasta/7250249",
    "price": 2.69,
    "reference_price": 5.98,
    "iva": 10,
    "reference_unit": "100 Gr",
    "date": "2023-01-17"
  },
  {
    "id": 10468,
    "name": "Salsa Agridulce Botella YANG-TSE",
    "description": "Salsa Agridulce Botella 200 Gr",
    "category": "Otras salsas",
    "url": "https://tienda.consum.es/es/p/salsa-agridulce-botella/7250264",
    "price": 1.49,
    "reference_price": 7.45,
    "iva": 10,
    "reference_unit": "1 Kg",
    "date": "2023-01-17"
  },
  {
    "id": 10469,
    "name": "Vinagre de Arroz Pet BLUE DRAGON",
    "description": "Vinagre de Arroz Pet 150 ml",
    "category": "Cocina internacional",
    "url": "https://tienda.consum.es/es/p/vinagre-de-arroz-pet/7250269",
    "price": 2.45,
    "reference_price": 16.33,
    "iva": 10,
    "reference_unit": "1 L",
    "date": "2023-01-17"
  },
  {
    "id": 10470,
    "name": "Falafel AL´FÉZ",
    "description": "Falafel 150 Gr",
    "category": "Cocina internacional",
    "url": "https://tienda.consum.es/es/p/falafel/7250272",
    "price": 3.49,
    "reference_price": 23.27,
    "iva": 10,
    "reference_unit": "1 Kg",
    "date": "2023-01-17"
  },
  {
    "id": 10475,
    "name": "Alga Sushi Nori BLUE DRAGON",
    "description": "Alga Sushi Nori 11 Gr",
    "category": "Cocina internacional",
    "url": "https://tienda.consum.es/es/p/alga-sushi-nori/7250306",
    "price": 2.35,
    "reference_price": 21.36,
    "iva": 10,
    "reference_unit": "100 Gr",
    "date": "2023-01-17"
  },
  {
    "id": 10476,
    "name": "Tallarines de Arroz GO-TAN",
    "description": "Tallarines de Arroz 250 Gr",
    "category": "Cocina internacional",
    "url": "https://tienda.consum.es/es/p/tallarines-de-arroz/7250314",
    "price": 2.15,
    "reference_price": 8.6,
    "iva": 10,
    "reference_unit": "1 Kg",
    "date": "2023-01-17"
  },
  {
    "id": 10478,
    "name": "Comprimidos Chitosan NATURTIERRA",
    "description": "Comprimidos Chitosan 60 U",
    "category": "Fitoterapia",
    "url": "https://tienda.consum.es/es/p/comprimidos-chitosan/7251064",
    "price": 4.55,
    "reference_price": 0.08,
    "iva": 10,
    "reference_unit": "1 U",
    "date": "2023-01-17"
  },
  {
    "id": 10482,
    "name": "Pulverizador PONETTE",
    "description": "Pulverizador 250 ml",
    "category": "Peines y accesorios",
    "url": "https://tienda.consum.es/es/p/pulverizador/7254386",
    "price": 1.99,
    "reference_price": 0.8,
    "iva": 21,
    "reference_unit": "100 ml",
    "date": "2023-01-17"
  },
  {
    "id": 10486,
    "name": "Pizza congelada Forno Prosciutto e Funghi BUITONI",
    "description": "Pizza congelada Forno Prosciutto e Funghi 340 Gr",
    "category": "Pizza congelada",
    "url": "https://tienda.consum.es/es/p/pizza-congelada-forno-prosciutto-e-funghi/7256329",
    "price": 3.69,
    "reference_price": 10.85,
    "iva": 10,
    "reference_unit": "1 Kg",
    "date": "2023-01-17"
  },
  {
    "id": 10487,
    "name": "Piccolinis congelados 3 Quesos BUITONI",
    "description": "Piccolinis congelados 3 Quesos 270 Gr",
    "category": "Pizza congelada",
    "url": "https://tienda.consum.es/es/p/piccolinis-congelados-3-quesos/7256407",
    "price": 3.45,
    "reference_price": 12.78,
    "iva": 10,
    "reference_unit": "1 Kg",
    "date": "2023-01-17"
  },
  {
    "id": 10489,
    "name": "Espinacas Hoja congeladas FINDUS",
    "description": "Espinacas Hoja congeladas 1 Kg",
    "category": "Espinacas,coles y alcachofas",
    "url": "https://tienda.consum.es/es/p/espinacas-hoja-congeladas/7257970",
    "price": 4.32,
    "reference_price": 4.32,
    "iva": 0,
    "reference_unit": "1 Kg",
    "date": "2023-01-17"
  },
  {
    "id": 10500,
    "name": "Nata Montar Brik CONSUM",
    "description": "Nata Montar Brik 500 ml",
    "category": "Nata para montar",
    "url": "https://tienda.consum.es/es/p/nata-montar-brik/7260417",
    "price": 1.65,
    "reference_price": 3.3,
    "iva": 10,
    "reference_unit": "1 L",
    "date": "2023-01-17"
  },
  {
    "id": 10512,
    "name": "Tinte Nº3 Rubio Ultra Claro Brillant. COLORSILK",
    "description": "Tinte Nº3 Rubio Ultra Claro Brillant. 1 U",
    "category": "Coloración",
    "url": "https://tienda.consum.es/es/p/tinte-n3-rubio-ultra-claro-brillant/7262061",
    "price": 3.59,
    "reference_price": 3.59,
    "iva": 21,
    "reference_unit": "1 U",
    "date": "2023-01-17"
  },
  {
    "id": 10513,
    "name": "Tinte Nº80 Rubio Claro Ceniza COLORSILK",
    "description": "Tinte Nº80 Rubio Claro Ceniza 1 U",
    "category": "Coloración",
    "url": "https://tienda.consum.es/es/p/tinte-n80-rubio-claro-ceniza/7262066",
    "price": 3.59,
    "reference_price": 3.59,
    "iva": 21,
    "reference_unit": "1 U",
    "date": "2023-01-17"
  },
  {
    "id": 10516,
    "name": "Tinte Age Perfect Nº9.13 Rubio Camel EXCELLENCE",
    "description": "Tinte Age Perfect Nº9.13 Rubio Camel 1 U",
    "category": "Coloración",
    "url": "https://tienda.consum.es/es/p/tinte-age-perfect-n913-rubio-camel/7262160",
    "price": 7.9,
    "reference_price": 7.9,
    "iva": 21,
    "reference_unit": "1 U",
    "date": "2023-01-17"
  },
  {
    "id": 10519,
    "name": "Tinte 110 Super Blonds OLIA",
    "description": "Tinte 110 Super Blonds 1 U",
    "category": "Coloración",
    "url": "https://tienda.consum.es/es/p/tinte-110-super-blonds/7262181",
    "price": 6.3,
    "reference_price": 6.3,
    "iva": 21,
    "reference_unit": "1 U",
    "date": "2023-01-17"
  },
  {
    "id": 10520,
    "name": "Tinte Color Sensation Nº110 Rubio Ex.Claro GARNIER",
    "description": "Tinte Color Sensation Nº110 Rubio Ex.Claro 1 U",
    "category": "Coloración",
    "url": "https://tienda.consum.es/es/p/tinte-color-sensation-n110-rubio-exclaro/7262199",
    "price": 3.5,
    "reference_price": 3.5,
    "iva": 21,
    "reference_unit": "1 U",
    "date": "2023-01-17"
  },
  {
    "id": 10527,
    "name": "Cerveza Artesana Botellín LA MARI",
    "description": "Cerveza Artesana Botellín 0,33 L",
    "category": "Especialidades",
    "url": "https://tienda.consum.es/es/p/cerveza-artesana-botellin/7264419",
    "price": 1.49,
    "reference_price": 4.52,
    "iva": 21,
    "reference_unit": "1 L",
    "date": "2023-01-17"
  },
  {
    "id": 10528,
    "name": "Caldo Natural Verduras Brik ANETO",
    "description": "Caldo Natural Verduras Brik 1 L",
    "category": "Caldos y sopas",
    "url": "https://tienda.consum.es/es/p/caldo-natural-verduras-brik/7264518",
    "price": 3.95,
    "reference_price": 3.95,
    "iva": 10,
    "reference_unit": "1 L",
    "date": "2023-01-17"
  },
  {
    "id": 10536,
    "name": "Sopa Deshidratada Thaï Fideos, Setas y Coco KNORR",
    "description": "Sopa Deshidratada Thaï Fideos, Setas y Coco 69 Gr",
    "category": "Despensa",
    "url": "https://tienda.consum.es/es/p/sopa-deshidratada-thai-fideos-setas-y-coco/7266414",
    "price": 1.69,
    "reference_price": 24.49,
    "iva": 10,
    "reference_unit": "1 Kg",
    "date": "2023-01-17"
  },
  {
    "id": 10538,
    "name": "Crema Corporal Forte EUDERMIN",
    "description": "Crema Corporal Forte 400 ml",
    "category": "Body-lociones",
    "url": "https://tienda.consum.es/es/p/crema-corporal-forte/7267206",
    "price": 3.99,
    "reference_price": 1,
    "iva": 21,
    "reference_unit": "100 ml",
    "date": "2023-01-17"
  },
  {
    "id": 10541,
    "name": "Lecitina de Soja con Chía NATURTIERRA",
    "description": "Lecitina de Soja con Chía 200 Gr",
    "category": "Complementos nutricionales",
    "url": "https://tienda.consum.es/es/p/lecitina-de-soja-con-chia/7267685",
    "price": 4.19,
    "reference_price": 20.95,
    "iva": 10,
    "reference_unit": "1 Kg",
    "date": "2023-01-17"
  },
  {
    "id": 10546,
    "name": "Mousse Rizos ELNETT",
    "description": "Mousse Rizos 200 ml",
    "category": "Espumas y mousses",
    "url": "https://tienda.consum.es/es/p/mousse-rizos/7270510",
    "price": 4.95,
    "reference_price": 2.48,
    "iva": 21,
    "reference_unit": "100 ml",
    "date": "2023-01-17"
  },
  {
    "id": 10548,
    "name": "Zumo de Naranja sin Pulpa FRUTAE",
    "description": "Zumo de Naranja sin Pulpa 750 ml",
    "category": "Zumos refrigerados",
    "url": "https://tienda.consum.es/es/p/zumo-de-naranja-sin-pulpa/7270986",
    "price": 1.85,
    "reference_price": 2.47,
    "iva": 10,
    "reference_unit": "1 L",
    "date": "2023-01-17"
  },
  {
    "id": 10552,
    "name": "Jabón Manos Candy LAISEVEN",
    "description": "Jabón Manos Candy 400 ml",
    "category": "Gel de manos",
    "url": "https://tienda.consum.es/es/p/jabon-manos-candy/7271583",
    "price": 2.79,
    "reference_price": 0.7,
    "iva": 21,
    "reference_unit": "100 ml",
    "date": "2023-01-17"
  },
  {
    "id": 10557,
    "name": "Huevo Campero L 1/2 Docena MONTERDE",
    "description": "Huevo Campero L 1/2 Docena 0,5 Dc",
    "category": "Huevos",
    "url": "https://tienda.consum.es/es/p/huevo-campero-l-1/2-docena/7272821",
    "price": 2.01,
    "reference_price": 4.02,
    "iva": 0,
    "reference_unit": "1 Dc",
    "date": "2023-01-17"
  },
  {
    "id": 10562,
    "name": "Tarrina Dulce de Leche 460 Ml. HAAGEN DAZS",
    "description": "Tarrina Dulce de Leche 460 Ml. 400 Gr",
    "category": "Tarrinas",
    "url": "https://tienda.consum.es/es/p/tarrina-dulce-de-leche-460-ml/22319",
    "price": 6.99,
    "reference_price": 17.48,
    "iva": 10,
    "reference_unit": "1 Kg",
    "date": "2023-01-17"
  },
  {
    "id": 10564,
    "name": "Colorante Alimentario en Sobres SABATER",
    "description": "Colorante Alimentario en Sobres 45 Gr",
    "category": "Especias",
    "url": "https://tienda.consum.es/es/p/colorante-alimentario-en-sobres/46813",
    "price": 1.49,
    "reference_price": 3.31,
    "iva": 10,
    "reference_unit": "100 Gr",
    "date": "2023-01-17"
  },
  {
    "id": 10565,
    "name": "Agua Mineral con Gas Pack de 6 VICHY",
    "description": "Agua Mineral con Gas Pack de 6 6 x 0,25 L",
    "category": "Agua con gas",
    "url": "https://tienda.consum.es/es/p/agua-mineral-con-gas-pack-de-6/138297",
    "price": 5.42,
    "reference_price": 3.01,
    "iva": 10,
    "reference_unit": "1 L",
    "date": "2023-01-17"
  },
  {
    "id": 10567,
    "name": "Queso Untar Natural SAN MILLAN",
    "description": "Queso Untar Natural 200 Gr",
    "category": "Quesos Para untar",
    "url": "https://tienda.consum.es/es/p/queso-untar-natural/205468",
    "price": 1.88,
    "reference_price": 9.4,
    "iva": 0,
    "reference_unit": "1 Kg",
    "date": "2023-01-17"
  },
  {
    "id": 10568,
    "name": "Queso Natural Cubitos APERICUBE",
    "description": "Queso Natural Cubitos 125 Gr",
    "category": "Quesos Fundidos",
    "url": "https://tienda.consum.es/es/p/queso-natural-cubitos/216853",
    "price": 2.57,
    "reference_price": 20.56,
    "iva": 0,
    "reference_unit": "1 Kg",
    "date": "2023-01-17"
  },
  {
    "id": 10569,
    "name": "Yogur Sabor Coco Pack de 4 Unidades DANONE",
    "description": "Yogur Sabor Coco Pack de 4 Unidades 4 x 120 Gr",
    "category": "Yogur sabores",
    "url": "https://tienda.consum.es/es/p/yogur-sabor-coco-pack-de-4-unidades/227645",
    "price": 1.39,
    "reference_price": 2.9,
    "iva": 10,
    "reference_unit": "1 Kg",
    "date": "2023-01-17"
  },
  {
    "id": 10570,
    "name": "Bloc Hígado de Pato MARTIKO",
    "description": "Bloc Hígado de Pato 2 x 40 Gr",
    "category": "Foie y patés ",
    "url": "https://tienda.consum.es/es/p/bloc-higado-de-pato/269035",
    "price": 5.39,
    "reference_price": 67.38,
    "iva": 10,
    "reference_unit": "1 Kg",
    "date": "2023-01-17"
  },
  {
    "id": 10571,
    "name": "Zumo Frutas Variadas Pack de 2 HERO",
    "description": "Zumo Frutas Variadas Pack de 2 2 x 130 ml",
    "category": "Alimentación infantil",
    "url": "https://tienda.consum.es/es/p/zumo-frutas-variadas-pack-de-2/286799",
    "price": 0.95,
    "reference_price": 3.65,
    "iva": 10,
    "reference_unit": "1 L",
    "date": "2023-01-17"
  },
  {
    "id": 10572,
    "name": "Ajo Tarro DUCROS",
    "description": "Ajo Tarro 58 Gr",
    "category": "Conservas, aceites y condimentos",
    "url": "https://tienda.consum.es/es/p/ajo-tarro/308759",
    "price": 2.45,
    "reference_price": 42.24,
    "iva": 10,
    "reference_unit": "1 Kg",
    "date": "2023-01-17"
  },
  {
    "id": 10573,
    "name": "Pimienta Cayena Molida Tarro DUCROS",
    "description": "Pimienta Cayena Molida Tarro 38 Gr",
    "category": "Especias",
    "url": "https://tienda.consum.es/es/p/pimienta-cayena-molida-tarro/308833",
    "price": 2.25,
    "reference_price": 5.92,
    "iva": 10,
    "reference_unit": "100 Gr",
    "date": "2023-01-17"
  },
  {
    "id": 10575,
    "name": "Nuez Moscada Entera Tarro DUCROS",
    "description": "Nuez Moscada Entera Tarro 25 Gr",
    "category": "Especias",
    "url": "https://tienda.consum.es/es/p/nuez-moscada-entera-tarro/308973",
    "price": 3.19,
    "reference_price": 12.76,
    "iva": 10,
    "reference_unit": "100 Gr",
    "date": "2023-01-17"
  },
  {
    "id": 10576,
    "name": "Nuez Moscada Molida Tarro DUCROS",
    "description": "Nuez Moscada Molida Tarro 32 Gr",
    "category": "Especias",
    "url": "https://tienda.consum.es/es/p/nuez-moscada-molida-tarro/308981",
    "price": 2.79,
    "reference_price": 8.72,
    "iva": 10,
    "reference_unit": "100 Gr",
    "date": "2023-01-17"
  },
  {
    "id": 10577,
    "name": "Perejil Tarro DUCROS",
    "description": "Perejil Tarro 5 Gr",
    "category": "Especias",
    "url": "https://tienda.consum.es/es/p/perejil-tarro/308999",
    "price": 2.15,
    "reference_price": 43,
    "iva": 10,
    "reference_unit": "100 Gr",
    "date": "2023-01-17"
  },
  {
    "id": 10578,
    "name": "Pimienta Negra Molida Tarro DUCROS",
    "description": "Pimienta Negra Molida Tarro 40 Gr",
    "category": "Especias",
    "url": "https://tienda.consum.es/es/p/pimienta-negra-molida-tarro/309021",
    "price": 2.65,
    "reference_price": 6.63,
    "iva": 10,
    "reference_unit": "100 Gr",
    "date": "2023-01-17"
  },
  {
    "id": 10581,
    "name": "Salsa Worcestershire Botella LEA&PERRINS",
    "description": "Salsa Worcestershire Botella 150 ml",
    "category": "Otras salsas",
    "url": "https://tienda.consum.es/es/p/salsa-worcestershire-botella/368670",
    "price": 3.25,
    "reference_price": 21.67,
    "iva": 10,
    "reference_unit": "1 L",
    "date": "2023-01-17"
  },
  {
    "id": 10582,
    "name": "Salsa Picante TABASCO",
    "description": "Salsa Picante 60 ml",
    "category": "Otras salsas",
    "url": "https://tienda.consum.es/es/p/salsa-picante/368720",
    "price": 3.09,
    "reference_price": 51.5,
    "iva": 10,
    "reference_unit": "1 L",
    "date": "2023-01-17"
  },
  {
    "id": 10583,
    "name": "Edulcorante 400 Comprimidos NATREEN",
    "description": "Edulcorante 400 Comprimidos 400 U",
    "category": "Edulcorantes",
    "url": "https://tienda.consum.es/es/p/edulcorante-400-comprimidos/374348",
    "price": 3.99,
    "reference_price": 0.01,
    "iva": 10,
    "reference_unit": "1 U",
    "date": "2023-01-17"
  },
  {
    "id": 10585,
    "name": "Ginebra TANQUERAY",
    "description": "Ginebra 0,7 L",
    "category": "Licores y vermouth",
    "url": "https://tienda.consum.es/es/p/ginebra/394106",
    "price": 13.8,
    "reference_price": 19.71,
    "iva": 21,
    "reference_unit": "1 L",
    "date": "2023-01-17"
  },
  {
    "id": 10586,
    "name": "Avellana Cáscara Granel ",
    "description": "Avellana Cáscara Granel",
    "category": "Otros frutos secos",
    "url": "https://tienda.consum.es/es/p/avellana-cascara-granel/399451",
    "price": 7.68,
    "reference_price": 7.68,
    "iva": 0,
    "reference_unit": "1 Kg",
    "date": "2023-01-17"
  },
  {
    "id": 10589,
    "name": "Comino Entero Tarro DUCROS",
    "description": "Comino Entero Tarro 35 Gr",
    "category": "Especias",
    "url": "https://tienda.consum.es/es/p/comino-entero-tarro/552315",
    "price": 2.25,
    "reference_price": 6.43,
    "iva": 10,
    "reference_unit": "100 Gr",
    "date": "2023-01-17"
  },
  {
    "id": 10590,
    "name": "Piñones Enteros Caja DUCROS",
    "description": "Piñones Enteros Caja 40 Gr",
    "category": "Otros frutos secos",
    "url": "https://tienda.consum.es/es/p/pinones-enteros-caja/552364",
    "price": 5.99,
    "reference_price": 14.98,
    "iva": 10,
    "reference_unit": "100 Gr",
    "date": "2023-01-17"
  },
  {
    "id": 10591,
    "name": "Clavos Enteros Tarro DUCROS",
    "description": "Clavos Enteros Tarro 23 Gr",
    "category": "Especias",
    "url": "https://tienda.consum.es/es/p/clavos-enteros-tarro/557314",
    "price": 2.95,
    "reference_price": 12.83,
    "iva": 10,
    "reference_unit": "100 Gr",
    "date": "2023-01-17"
  },
  {
    "id": 10592,
    "name": "Tarrina de Vainilla con Cookies 460 Ml. HAAGEN DAZS",
    "description": "Tarrina de Vainilla con Cookies 460 Ml. 386 Gr",
    "category": "Tarrinas",
    "url": "https://tienda.consum.es/es/p/tarrina-de-vainilla-con-cookies-460-ml/594994",
    "price": 6.99,
    "reference_price": 18.11,
    "iva": 10,
    "reference_unit": "1 Kg",
    "date": "2023-01-17"
  },
  {
    "id": 10593,
    "name": "Sazonador para Paella Valencia Caja DUCROS",
    "description": "Sazonador para Paella Valencia Caja 9 Gr",
    "category": "Sazonadores",
    "url": "https://tienda.consum.es/es/p/sazonador-para-paella-valencia-caja/689661",
    "price": 2.55,
    "reference_price": 28.33,
    "iva": 10,
    "reference_unit": "100 Gr",
    "date": "2023-01-17"
  },
  {
    "id": 10594,
    "name": "Hierbabuena Tarro DUCROS",
    "description": "Hierbabuena Tarro 13 Gr",
    "category": "Especias",
    "url": "https://tienda.consum.es/es/p/hierbabuena-tarro/689885",
    "price": 2.19,
    "reference_price": 16.85,
    "iva": 10,
    "reference_unit": "100 Gr",
    "date": "2023-01-17"
  },
  {
    "id": 10596,
    "name": "Pebrella Tarro SABATER",
    "description": "Pebrella Tarro 15 Gr",
    "category": "Especias",
    "url": "https://tienda.consum.es/es/p/pebrella-tarro/846949",
    "price": 1.99,
    "reference_price": 13.27,
    "iva": 10,
    "reference_unit": "100 Gr",
    "date": "2023-01-17"
  },
  {
    "id": 10599,
    "name": "Refresco Naranja Refrigerado SIMON LIFE",
    "description": "Refresco Naranja Refrigerado 1,5 L",
    "category": "Refrescos sin gas",
    "url": "https://tienda.consum.es/es/p/refresco-naranja-refrigerado/3218419",
    "price": 1.6,
    "reference_price": 1.07,
    "iva": 21,
    "reference_unit": "1 L",
    "date": "2023-01-17"
  },
  {
    "id": 10606,
    "name": "Pate de Atún en Aceite Pack de 2 Latas LA PIARA",
    "description": "Pate de Atún en Aceite Pack de 2 Latas 2 x 75 Gr",
    "category": "Patés y untables",
    "url": "https://tienda.consum.es/es/p/pate-de-atun-en-aceite-pack-de-2-latas/7007490",
    "price": 3.99,
    "reference_price": 26.6,
    "iva": 10,
    "reference_unit": "1 Kg",
    "date": "2023-01-17"
  },
  {
    "id": 10610,
    "name": "Alubia Cocida Granja Frasco LUENGO",
    "description": "Alubia Cocida Granja Frasco 400 Gr",
    "category": "Alubias",
    "url": "https://tienda.consum.es/es/p/alubia-cocida-granja-frasco/7012573",
    "price": 1.55,
    "reference_price": 3.88,
    "iva": 10,
    "reference_unit": "1 Kg",
    "date": "2023-01-17"
  },
  {
    "id": 10613,
    "name": "Danacol Beber Natural 0% Azucares Añadidos DANONE",
    "description": "Danacol Beber Natural 0% Azucares Añadidos 6 x 100 Gr",
    "category": "Yogures especial salud",
    "url": "https://tienda.consum.es/es/p/danacol-beber-natural-0-azucares-anadidos/7018906",
    "price": 4.49,
    "reference_price": 7.48,
    "iva": 10,
    "reference_unit": "1 Kg",
    "date": "2023-01-17"
  },
  {
    "id": 10614,
    "name": "Queso Fresco Tarrina en Salmuera ARLA",
    "description": "Queso Fresco Tarrina en Salmuera 200 Gr",
    "category": "Frescos y para ensaladas",
    "url": "https://tienda.consum.es/es/p/queso-fresco-tarrina-en-salmuera/7019693",
    "price": 3.64,
    "reference_price": 18.2,
    "iva": 0,
    "reference_unit": "1 Kg",
    "date": "2023-01-17"
  },
  {
    "id": 10615,
    "name": "Crema de Queso Azul Tarrina PRESIDENT",
    "description": "Crema de Queso Azul Tarrina 125 Gr",
    "category": "Quesos Para untar",
    "url": "https://tienda.consum.es/es/p/crema-de-queso-azul-tarrina/7028350",
    "price": 2.02,
    "reference_price": 16.16,
    "iva": 0,
    "reference_unit": "1 Kg",
    "date": "2023-01-17"
  },
  {
    "id": 10617,
    "name": "Preparado Gazpacho Caja SABATER",
    "description": "Preparado Gazpacho Caja 6 Gr",
    "category": "Sazonadores",
    "url": "https://tienda.consum.es/es/p/preparado-gazpacho-caja/7039832",
    "price": 1.19,
    "reference_price": 19.83,
    "iva": 10,
    "reference_unit": "100 Gr",
    "date": "2023-01-17"
  },
  {
    "id": 10619,
    "name": "Salchichas Frankfurt PICKEN",
    "description": "Salchichas Frankfurt 340 Gr",
    "category": "Salchichas",
    "url": "https://tienda.consum.es/es/p/salchichas-frankfurt/7042968",
    "price": 3.85,
    "reference_price": 11.32,
    "iva": 10,
    "reference_unit": "1 Kg",
    "date": "2023-01-17"
  },
  {
    "id": 10622,
    "name": "Cardo Frasco CONSUM",
    "description": "Cardo Frasco 400 Gr",
    "category": "Otros vegetales",
    "url": "https://tienda.consum.es/es/p/cardo-frasco/7044076",
    "price": 1.5,
    "reference_price": 3.75,
    "iva": 10,
    "reference_unit": "1 Kg",
    "date": "2023-01-17"
  },
  {
    "id": 10623,
    "name": "Relleno para Sándwich Atún BOCADELIA",
    "description": "Relleno para Sándwich Atún 180 Gr",
    "category": "Patés y untables",
    "url": "https://tienda.consum.es/es/p/relleno-para-sandwich-atun/7047058",
    "price": 3.59,
    "reference_price": 19.94,
    "iva": 10,
    "reference_unit": "1 Kg",
    "date": "2023-01-17"
  },
  {
    "id": 10624,
    "name": "Aceitunas Gordal con Hueso en Frasco CONSUM",
    "description": "Aceitunas Gordal con Hueso en Frasco 475 Gr",
    "category": "Aceitunas con hueso",
    "url": "https://tienda.consum.es/es/p/aceitunas-gordal-con-hueso-en-frasco/7047475",
    "price": 2.99,
    "reference_price": 6.29,
    "iva": 10,
    "reference_unit": "1 Kg",
    "date": "2023-01-17"
  },
  {
    "id": 10625,
    "name": "Trozos de Calamar en Tinta Pack de 3 CONSUM",
    "description": "Trozos de Calamar en Tinta Pack de 3 3 x 59 Gr",
    "category": "Calamares y chipirones",
    "url": "https://tienda.consum.es/es/p/trozos-de-calamar-en-tinta-pack-de-3/7049844",
    "price": 2,
    "reference_price": 11.3,
    "iva": 10,
    "reference_unit": "1 Kg",
    "date": "2023-01-17"
  },
  {
    "id": 10628,
    "name": "Trufa Natural Tarro LEYENDA",
    "description": "Trufa Natural Tarro 10 Gr",
    "category": "Conservas vegetales",
    "url": "https://tienda.consum.es/es/p/trufa-natural-tarro/7054435",
    "price": 3.15,
    "reference_price": 31.5,
    "iva": 10,
    "reference_unit": "100 Gr",
    "date": "2023-01-17"
  },
  {
    "id": 10629,
    "name": "Cecina PALCARSA",
    "description": "Cecina 80 Gr",
    "category": "Otros curados",
    "url": "https://tienda.consum.es/es/p/cecina/7054880",
    "price": 2.99,
    "reference_price": 37.38,
    "iva": 10,
    "reference_unit": "1 Kg",
    "date": "2023-01-17"
  },
  {
    "id": 10630,
    "name": "Mejillones Salsa Vieira 13/18 Piezas CONSUM",
    "description": "Mejillones Salsa Vieira 13/18 Piezas 69 Gr",
    "category": "Mejillones",
    "url": "https://tienda.consum.es/es/p/mejillones-salsa-vieira-13/18-piezas/7055585",
    "price": 1.99,
    "reference_price": 28.84,
    "iva": 10,
    "reference_unit": "1 Kg",
    "date": "2023-01-17"
  },
  {
    "id": 10631,
    "name": "Pate Crema Atún en Aceite de Oliva Pack 2 LA PIARA",
    "description": "Pate Crema Atún en Aceite de Oliva Pack 2 2 x 75 Gr",
    "category": "Patés y untables",
    "url": "https://tienda.consum.es/es/p/pate-crema-atun-en-aceite-de-oliva-pack-2/7056976",
    "price": 4.29,
    "reference_price": 28.6,
    "iva": 10,
    "reference_unit": "1 Kg",
    "date": "2023-01-17"
  },
  {
    "id": 10634,
    "name": "Azafrán en Hebras Sobres DUCROS",
    "description": "Azafrán en Hebras Sobres 0,3 Gr",
    "category": "Especias",
    "url": "https://tienda.consum.es/es/p/azafran-en-hebras-sobres/7065741",
    "price": 3.59,
    "reference_price": 1196.67,
    "iva": 10,
    "reference_unit": "100 Gr",
    "date": "2023-01-17"
  },
  {
    "id": 10635,
    "name": "Azafrán Molido Sobres DUCROS",
    "description": "Azafrán Molido Sobres 0,3 Gr",
    "category": "Especias",
    "url": "https://tienda.consum.es/es/p/azafran-molido-sobres/7065753",
    "price": 3.55,
    "reference_price": 1183.33,
    "iva": 10,
    "reference_unit": "100 Gr",
    "date": "2023-01-17"
  },
  {
    "id": 10636,
    "name": "Ñoras Caja DUCROS",
    "description": "Ñoras Caja 20 Gr",
    "category": "Especias",
    "url": "https://tienda.consum.es/es/p/noras-caja/7065845",
    "price": 2.99,
    "reference_price": 14.95,
    "iva": 10,
    "reference_unit": "100 Gr",
    "date": "2023-01-17"
  },
  {
    "id": 10638,
    "name": "Bolsas Cubitos de Hielo Caja ALBAL",
    "description": "Bolsas Cubitos de Hielo Caja 20 U",
    "category": "Bazar",
    "url": "https://tienda.consum.es/es/p/bolsas-cubitos-de-hielo-caja/7067473",
    "price": 1.69,
    "reference_price": 0.08,
    "iva": 21,
    "reference_unit": "1 U",
    "date": "2023-01-17"
  },
  {
    "id": 10639,
    "name": "Albahaca Tarro CONSUM",
    "description": "Albahaca Tarro 15 Gr",
    "category": "Especias",
    "url": "https://tienda.consum.es/es/p/albahaca-tarro/7067614",
    "price": 0.75,
    "reference_price": 5,
    "iva": 10,
    "reference_unit": "100 Gr",
    "date": "2023-01-17"
  },
  {
    "id": 10640,
    "name": "Guindilla Entera Tarro CONSUM",
    "description": "Guindilla Entera Tarro 11 Gr",
    "category": "Especias",
    "url": "https://tienda.consum.es/es/p/guindilla-entera-tarro/7067627",
    "price": 0.65,
    "reference_price": 5.91,
    "iva": 10,
    "reference_unit": "100 Gr",
    "date": "2023-01-17"
  },
  {
    "id": 10641,
    "name": "Cebolla Tarro CONSUM",
    "description": "Cebolla Tarro 36 Gr",
    "category": "Especias",
    "url": "https://tienda.consum.es/es/p/cebolla-tarro/7067630",
    "price": 0.65,
    "reference_price": 1.81,
    "iva": 10,
    "reference_unit": "100 Gr",
    "date": "2023-01-17"
  },
  {
    "id": 10643,
    "name": "Pimentón Picante Tarro CONSUM",
    "description": "Pimentón Picante Tarro 38 Gr",
    "category": "Especias",
    "url": "https://tienda.consum.es/es/p/pimenton-picante-tarro/7067671",
    "price": 0.85,
    "reference_price": 2.24,
    "iva": 10,
    "reference_unit": "100 Gr",
    "date": "2023-01-17"
  },
  {
    "id": 10644,
    "name": "Pimienta Blanca Molida Tarro CONSUM",
    "description": "Pimienta Blanca Molida Tarro 43 Gr",
    "category": "Especias",
    "url": "https://tienda.consum.es/es/p/pimienta-blanca-molida-tarro/7067676",
    "price": 1.25,
    "reference_price": 2.91,
    "iva": 10,
    "reference_unit": "100 Gr",
    "date": "2023-01-17"
  },
  {
    "id": 10645,
    "name": "Pimienta Negra en Grano Tarro CONSUM",
    "description": "Pimienta Negra en Grano Tarro 48 Gr",
    "category": "Especias",
    "url": "https://tienda.consum.es/es/p/pimienta-negra-en-grano-tarro/7067684",
    "price": 0.99,
    "reference_price": 2.06,
    "iva": 10,
    "reference_unit": "100 Gr",
    "date": "2023-01-17"
  },
  {
    "id": 10646,
    "name": "Ensalada Pasta con Atún Bol CARRETILLA",
    "description": "Ensalada Pasta con Atún Bol 240 Gr",
    "category": "Despensa",
    "url": "https://tienda.consum.es/es/p/ensalada-pasta-con-atun-bol/7068893",
    "price": 2.15,
    "reference_price": 8.96,
    "iva": 10,
    "reference_unit": "1 Kg",
    "date": "2023-01-17"
  },
  {
    "id": 10648,
    "name": "Papel de Horno ALBAL",
    "description": "Papel de Horno 8 M",
    "category": "Bazar",
    "url": "https://tienda.consum.es/es/p/papel-de-horno/7074982",
    "price": 2.71,
    "reference_price": 0.34,
    "iva": 21,
    "reference_unit": "1 M",
    "date": "2023-01-17"
  },
  {
    "id": 10649,
    "name": "Jengibre Tarro DUCROS",
    "description": "Jengibre Tarro 26 Gr",
    "category": "Especias",
    "url": "https://tienda.consum.es/es/p/jengibre-tarro/7074995",
    "price": 2.39,
    "reference_price": 9.19,
    "iva": 10,
    "reference_unit": "100 Gr",
    "date": "2023-01-17"
  },
  {
    "id": 10650,
    "name": "Muslo de Pato Confitado MARTIKO",
    "description": "Muslo de Pato Confitado 250 Gr",
    "category": "De carne o pescado",
    "url": "https://tienda.consum.es/es/p/muslo-de-pato-confitado/7075547",
    "price": 6.49,
    "reference_price": 25.96,
    "iva": 10,
    "reference_unit": "1 Kg",
    "date": "2023-01-17"
  },
  {
    "id": 10656,
    "name": "Alcaparrones en Vinagre Frasco CONSUM",
    "description": "Alcaparrones en Vinagre Frasco 150 Gr",
    "category": "Alcaparras",
    "url": "https://tienda.consum.es/es/p/alcaparrones-en-vinagre-frasco/7083389",
    "price": 1.65,
    "reference_price": 11,
    "iva": 10,
    "reference_unit": "1 Kg",
    "date": "2023-01-17"
  },
  {
    "id": 10657,
    "name": "Queso Apetina en Aceite Tarro ARLA",
    "description": "Queso Apetina en Aceite Tarro 265 Gr",
    "category": "Frescos y para ensaladas",
    "url": "https://tienda.consum.es/es/p/queso-apetina-en-aceite-tarro/7086580",
    "price": 3.55,
    "reference_price": 13.4,
    "iva": 0,
    "reference_unit": "1 Kg",
    "date": "2023-01-17"
  },
  {
    "id": 10658,
    "name": "Champú Cabello Normal FLEX",
    "description": "Champú Cabello Normal 650 ml",
    "category": "Champú",
    "url": "https://tienda.consum.es/es/p/champu-cabello-normal/7088560",
    "price": 3.45,
    "reference_price": 0.53,
    "iva": 21,
    "reference_unit": "100 ml",
    "date": "2023-01-17"
  },
  {
    "id": 10659,
    "name": "Salsa Curry con Mango HEINZ",
    "description": "Salsa Curry con Mango 225 Gr",
    "category": "Otras salsas",
    "url": "https://tienda.consum.es/es/p/salsa-curry-con-mango/7088755",
    "price": 2.45,
    "reference_price": 10.89,
    "iva": 10,
    "reference_unit": "1 Kg",
    "date": "2023-01-17"
  },
  {
    "id": 10662,
    "name": "Aceitunas Gordal Picante con Hueso en Frasco CONSUM",
    "description": "Aceitunas Gordal Picante con Hueso en Frasco 475 Gr",
    "category": "Aceitunas con hueso",
    "url": "https://tienda.consum.es/es/p/aceitunas-gordal-picante-con-hueso-en-frasco/7094837",
    "price": 3.25,
    "reference_price": 6.84,
    "iva": 10,
    "reference_unit": "1 Kg",
    "date": "2023-01-17"
  },
  {
    "id": 10663,
    "name": "Yogur Líquido Sabor Fresa Pack 4 Und. CONSUM",
    "description": "Yogur Líquido Sabor Fresa Pack 4 Und. 4 x 200 Gr",
    "category": "Yogures líquidos",
    "url": "https://tienda.consum.es/es/p/yogur-liquido-sabor-fresa-pack-4-und/7095206",
    "price": 1.85,
    "reference_price": 2.31,
    "iva": 10,
    "reference_unit": "1 Kg",
    "date": "2023-01-17"
  },
  {
    "id": 10666,
    "name": "Salchichas de Pavo 7 Unidades CONSUM",
    "description": "Salchichas de Pavo 7 Unidades 3 x 140 Gr",
    "category": "Salchichas",
    "url": "https://tienda.consum.es/es/p/salchichas-de-pavo-7-unidades/7105380",
    "price": 1.6,
    "reference_price": 3.81,
    "iva": 10,
    "reference_unit": "1 Kg",
    "date": "2023-01-17"
  },
  {
    "id": 10670,
    "name": "Azafrán en Hebras Caja SABATER",
    "description": "Azafrán en Hebras Caja 0,36 Gr",
    "category": "Especias",
    "url": "https://tienda.consum.es/es/p/azafran-en-hebras-caja/7107931",
    "price": 2.85,
    "reference_price": 791.67,
    "iva": 10,
    "reference_unit": "100 Gr",
    "date": "2023-01-17"
  },
  {
    "id": 10671,
    "name": "Azafrán Molido Caja SABATER",
    "description": "Azafrán Molido Caja 0,5 Gr",
    "category": "Especias",
    "url": "https://tienda.consum.es/es/p/azafran-molido-caja/7107944",
    "price": 2.85,
    "reference_price": 570,
    "iva": 10,
    "reference_unit": "100 Gr",
    "date": "2023-01-17"
  },
  {
    "id": 10677,
    "name": "Salchichas Frankfurt 4 Unidades CAMPOFRÍO",
    "description": "Salchichas Frankfurt 4 Unidades 4 x 140 Gr",
    "category": "Salchichas",
    "url": "https://tienda.consum.es/es/p/salchichas-frankfurt-4-unidades/7113525",
    "price": 2.25,
    "reference_price": 4.02,
    "iva": 10,
    "reference_unit": "1 Kg",
    "date": "2023-01-17"
  },
  {
    "id": 10680,
    "name": "Pate Picante Lata Pack de 2 LA PIARA",
    "description": "Pate Picante Lata Pack de 2 2 x 73 Gr",
    "category": "Patés y untables",
    "url": "https://tienda.consum.es/es/p/pate-picante-lata-pack-de-2/7116796",
    "price": 3.65,
    "reference_price": 25,
    "iva": 10,
    "reference_unit": "1 Kg",
    "date": "2023-01-17"
  },
  {
    "id": 10681,
    "name": "Pate de Pollo Lata Pack de 2 LA PIARA",
    "description": "Pate de Pollo Lata Pack de 2 2 x 75 Gr",
    "category": "Patés y untables",
    "url": "https://tienda.consum.es/es/p/pate-de-pollo-lata-pack-de-2/7116804",
    "price": 3.89,
    "reference_price": 25.93,
    "iva": 10,
    "reference_unit": "1 Kg",
    "date": "2023-01-17"
  },
  {
    "id": 10686,
    "name": "Paté de Hígado de Cerdo Lata LA PIARA",
    "description": "Paté de Hígado de Cerdo Lata 225 Gr",
    "category": "Patés y untables",
    "url": "https://tienda.consum.es/es/p/pate-de-higado-de-cerdo-lata/7131220",
    "price": 3.35,
    "reference_price": 14.89,
    "iva": 10,
    "reference_unit": "1 Kg",
    "date": "2023-01-17"
  },
  {
    "id": 10688,
    "name": "Pate Tapa Negra Iberico Lata Pack de 2 LA PIARA",
    "description": "Pate Tapa Negra Iberico Lata Pack de 2 2 x 73 Gr",
    "category": "Patés y untables",
    "url": "https://tienda.consum.es/es/p/pate-tapa-negra-iberico-lata-pack-de-2/7134539",
    "price": 3.65,
    "reference_price": 25,
    "iva": 10,
    "reference_unit": "1 Kg",
    "date": "2023-01-17"
  },
  {
    "id": 10689,
    "name": "Habitas Fritas Baby. Frasco CONSUM",
    "description": "Habitas Fritas Baby. Frasco 140 Gr",
    "category": "Otros vegetales",
    "url": "https://tienda.consum.es/es/p/habitas-fritas-baby-frasco/7141252",
    "price": 3.25,
    "reference_price": 23.21,
    "iva": 10,
    "reference_unit": "1 Kg",
    "date": "2023-01-17"
  },
  {
    "id": 10690,
    "name": "Allioli Artesano con Aceite de Oliva CHOVI",
    "description": "Allioli Artesano con Aceite de Oliva 150 Gr",
    "category": "Salsas refrigeradas",
    "url": "https://tienda.consum.es/es/p/allioli-artesano-con-aceite-de-oliva/7144538",
    "price": 1.99,
    "reference_price": 13.27,
    "iva": 10,
    "reference_unit": "1 Kg",
    "date": "2023-01-17"
  },
  {
    "id": 10692,
    "name": "Migas Pack de 2 Unidades FLORISTAN",
    "description": "Migas Pack de 2 Unidades 500 Gr",
    "category": "Platos calientes",
    "url": "https://tienda.consum.es/es/p/migas-pack-de-2-unidades/7149409",
    "price": 3.99,
    "reference_price": 7.98,
    "iva": 10,
    "reference_unit": "1 Kg",
    "date": "2023-01-17"
  },
  {
    "id": 10693,
    "name": "Tarta al Whisky 1 Litro CONSUM",
    "description": "Tarta al Whisky 1 Litro 535 Gr",
    "category": "Tartas y otros postres",
    "url": "https://tienda.consum.es/es/p/tarta-al-whisky-1-litro/7151509",
    "price": 3.99,
    "reference_price": 7.46,
    "iva": 10,
    "reference_unit": "1 Kg",
    "date": "2023-01-17"
  },
  {
    "id": 10695,
    "name": "Curcuma Frasco DUCROS",
    "description": "Curcuma Frasco 37 Gr",
    "category": "Especias",
    "url": "https://tienda.consum.es/es/p/curcuma-frasco/7153872",
    "price": 2.25,
    "reference_price": 6.08,
    "iva": 10,
    "reference_unit": "100 Gr",
    "date": "2023-01-17"
  },
  {
    "id": 10696,
    "name": "Ajonjolí Semillas de Sésamo DUCROS",
    "description": "Ajonjolí Semillas de Sésamo 50 Gr",
    "category": "Especias",
    "url": "https://tienda.consum.es/es/p/ajonjoli-semillas-de-sesamo/7153943",
    "price": 2.49,
    "reference_price": 49.8,
    "iva": 10,
    "reference_unit": "1 Kg",
    "date": "2023-01-17"
  },
  {
    "id": 10698,
    "name": "Patatas Bravas MESA LISTA",
    "description": "Patatas Bravas 450 Gr",
    "category": "Con verduras",
    "url": "https://tienda.consum.es/es/p/patatas-bravas/7154495",
    "price": 2.25,
    "reference_price": 5,
    "iva": 10,
    "reference_unit": "1 Kg",
    "date": "2023-01-17"
  },
  {
    "id": 10699,
    "name": "Paté Campagne Pack de 2 Unidades LA CUINA",
    "description": "Paté Campagne Pack de 2 Unidades 2 x 50 Gr",
    "category": "Foie y patés ",
    "url": "https://tienda.consum.es/es/p/pate-campagne-pack-de-2-unidades/7155005",
    "price": 1.55,
    "reference_price": 15.5,
    "iva": 10,
    "reference_unit": "1 Kg",
    "date": "2023-01-17"
  },
  {
    "id": 10701,
    "name": "Tabla Paté Tradicional Pack de 4 Unidades LA CUINA",
    "description": "Tabla Paté Tradicional Pack de 4 Unidades 4 x 50 Gr",
    "category": "Foie y patés ",
    "url": "https://tienda.consum.es/es/p/tabla-pate-tradicional-pack-de-4-unidades/7155047",
    "price": 3.19,
    "reference_price": 15.95,
    "iva": 10,
    "reference_unit": "1 Kg",
    "date": "2023-01-17"
  },
  {
    "id": 10702,
    "name": "Aceitunas Cocktail Imperial Tarro JOLCA",
    "description": "Aceitunas Cocktail Imperial Tarro 360 Gr",
    "category": "Banderillas y cocktails",
    "url": "https://tienda.consum.es/es/p/aceitunas-cocktail-imperial-tarro/7155059",
    "price": 3.99,
    "reference_price": 11.08,
    "iva": 10,
    "reference_unit": "1 Kg",
    "date": "2023-01-17"
  },
  {
    "id": 10709,
    "name": "Tónica Cristal Pack de 4 FEVER TREE",
    "description": "Tónica Cristal Pack de 4 4 x 0,2 L",
    "category": "Tónica",
    "url": "https://tienda.consum.es/es/p/tonica-cristal-pack-de-4/7157600",
    "price": 6.15,
    "reference_price": 7.69,
    "iva": 21,
    "reference_unit": "1 L",
    "date": "2023-01-17"
  },
  {
    "id": 10714,
    "name": "Atún Claro Aceite Oliva Pack de 3 CALVO",
    "description": "Atún Claro Aceite Oliva Pack de 3 3 x 73 Gr",
    "category": "Atún y bonito",
    "url": "https://tienda.consum.es/es/p/atun-claro-aceite-oliva-pack-de-3/7168677",
    "price": 5.5,
    "reference_price": 25.11,
    "iva": 10,
    "reference_unit": "1 Kg",
    "date": "2023-01-17"
  },
  {
    "id": 10716,
    "name": "Cebollitas Sabor Anchoa Tarro CONSUM",
    "description": "Cebollitas Sabor Anchoa Tarro 200 Gr",
    "category": "Cebollitas",
    "url": "https://tienda.consum.es/es/p/cebollitas-sabor-anchoa-tarro/7171358",
    "price": 1.29,
    "reference_price": 6.45,
    "iva": 10,
    "reference_unit": "1 Kg",
    "date": "2023-01-17"
  },
  {
    "id": 10717,
    "name": "Salsa Cesar para Ensaladas CHOVI",
    "description": "Salsa Cesar para Ensaladas 250 ml",
    "category": "Salsas refrigeradas",
    "url": "https://tienda.consum.es/es/p/salsa-cesar-para-ensaladas/7171614",
    "price": 2.69,
    "reference_price": 10.76,
    "iva": 10,
    "reference_unit": "1 L",
    "date": "2023-01-17"
  },
  {
    "id": 10718,
    "name": "Salsa Yogurt para Ensaladas CHOVI",
    "description": "Salsa Yogurt para Ensaladas 250 ml",
    "category": "Salsas refrigeradas",
    "url": "https://tienda.consum.es/es/p/salsa-yogurt-para-ensaladas/7171622",
    "price": 2.69,
    "reference_price": 10.76,
    "iva": 10,
    "reference_unit": "1 L",
    "date": "2023-01-17"
  },
  {
    "id": 10720,
    "name": "Ensaladilla Rusa Bol CARRETILLA",
    "description": "Ensaladilla Rusa Bol 240 Gr",
    "category": "Despensa",
    "url": "https://tienda.consum.es/es/p/ensaladilla-rusa-bol/7173479",
    "price": 2.15,
    "reference_price": 8.96,
    "iva": 10,
    "reference_unit": "1 Kg",
    "date": "2023-01-17"
  },
  {
    "id": 10728,
    "name": "Bolsas Basura Autocierre Resistente Perfumada 30l HANDY BAG",
    "description": "Bolsas Basura Autocierre Resistente Perfumada 30l 15 U",
    "category": "Bolsas y sacos de basura",
    "url": "https://tienda.consum.es/es/p/bolsas-basura-autocierre-resistente-perfumada-30l/7181212",
    "price": 2.95,
    "reference_price": 0.2,
    "iva": 21,
    "reference_unit": "1 U",
    "date": "2023-01-17"
  },
  {
    "id": 10729,
    "name": "Champú Fortificante FLEX",
    "description": "Champú Fortificante 650 ml",
    "category": "Champú",
    "url": "https://tienda.consum.es/es/p/champu-fortificante/7181964",
    "price": 3.45,
    "reference_price": 0.53,
    "iva": 21,
    "reference_unit": "100 ml",
    "date": "2023-01-17"
  },
  {
    "id": 10732,
    "name": "Sazonador Oriental Tarro DUCROS",
    "description": "Sazonador Oriental Tarro 32 Gr",
    "category": "Sazonadores",
    "url": "https://tienda.consum.es/es/p/sazonador-oriental-tarro/7182074",
    "price": 2.65,
    "reference_price": 8.28,
    "iva": 10,
    "reference_unit": "100 Gr",
    "date": "2023-01-17"
  },
  {
    "id": 10734,
    "name": "Bloc Hígado de Oca MARTIKO",
    "description": "Bloc Hígado de Oca 2 x 40 Gr",
    "category": "Foie y patés ",
    "url": "https://tienda.consum.es/es/p/bloc-higado-de-oca/7182368",
    "price": 6.99,
    "reference_price": 87.38,
    "iva": 10,
    "reference_unit": "1 Kg",
    "date": "2023-01-17"
  },
  {
    "id": 10738,
    "name": "Pimientos Dulces del Cristal Caja DUCROS",
    "description": "Pimientos Dulces del Cristal Caja 50 Gr",
    "category": "Especias",
    "url": "https://tienda.consum.es/es/p/pimientos-dulces-del-cristal-caja/7183366",
    "price": 2.99,
    "reference_price": 59.8,
    "iva": 10,
    "reference_unit": "1 Kg",
    "date": "2023-01-17"
  },
  {
    "id": 10743,
    "name": "Jamón de Bellota 100% Raza Ibérica MONTARAZ",
    "description": "Jamón de Bellota 100% Raza Ibérica 90 Gr",
    "category": "Ibéricos",
    "url": "https://tienda.consum.es/es/p/jamon-de-bellota-100-raza-iberica/7186740",
    "price": 10.9,
    "reference_price": 121.11,
    "iva": 10,
    "reference_unit": "1 Kg",
    "date": "2023-01-17"
  },
  {
    "id": 10747,
    "name": "Salchichas con Queso 7 Unidades CONSUM",
    "description": "Salchichas con Queso 7 Unidades 3 x 140 Gr",
    "category": "Salchichas",
    "url": "https://tienda.consum.es/es/p/salchichas-con-queso-7-unidades/7189926",
    "price": 1.2,
    "reference_price": 2.86,
    "iva": 10,
    "reference_unit": "1 Kg",
    "date": "2023-01-17"
  },
  {
    "id": 10748,
    "name": "Chorizo Picante Duroc LA HOGUERA",
    "description": "Chorizo Picante Duroc 280 Gr",
    "category": "Chorizo",
    "url": "https://tienda.consum.es/es/p/chorizo-picante-duroc/7190762",
    "price": 3.95,
    "reference_price": 14.11,
    "iva": 10,
    "reference_unit": "1 Kg",
    "date": "2023-01-17"
  },
  {
    "id": 10749,
    "name": "Ensalada Rusa con Atún CALVO",
    "description": "Ensalada Rusa con Atún 150 Gr",
    "category": "Despensa",
    "url": "https://tienda.consum.es/es/p/ensalada-rusa-con-atun/7192011",
    "price": 1.35,
    "reference_price": 9,
    "iva": 10,
    "reference_unit": "1 Kg",
    "date": "2023-01-17"
  },
  {
    "id": 10763,
    "name": "Sazonador para Preparar Pescado Ahumado SAL BUENO",
    "description": "Sazonador para Preparar Pescado Ahumado 750 Gr",
    "category": "Sal y especias",
    "url": "https://tienda.consum.es/es/p/sazonador-para-preparar-pescado-ahumado/7199284",
    "price": 3.29,
    "reference_price": 4.39,
    "iva": 10,
    "reference_unit": "1 Kg",
    "date": "2023-01-17"
  },
  {
    "id": 10764,
    "name": "Sazonador Pollo Tarro DUCROS",
    "description": "Sazonador Pollo Tarro 75 Gr",
    "category": "Sazonadores",
    "url": "https://tienda.consum.es/es/p/sazonador-pollo-tarro/7199297",
    "price": 2.65,
    "reference_price": 35.33,
    "iva": 10,
    "reference_unit": "1 Kg",
    "date": "2023-01-17"
  },
  {
    "id": 10765,
    "name": "Sazonador Carnes Tarro DUCROS",
    "description": "Sazonador Carnes Tarro 17 Gr",
    "category": "Sazonadores",
    "url": "https://tienda.consum.es/es/p/sazonador-carnes-tarro/7199300",
    "price": 2.65,
    "reference_price": 15.59,
    "iva": 10,
    "reference_unit": "100 Gr",
    "date": "2023-01-17"
  },
  {
    "id": 10766,
    "name": "Sazonador Espaguetis Tarro DUCROS",
    "description": "Sazonador Espaguetis Tarro 32 Gr",
    "category": "Sazonadores",
    "url": "https://tienda.consum.es/es/p/sazonador-espaguetis-tarro/7199305",
    "price": 2.65,
    "reference_price": 8.28,
    "iva": 10,
    "reference_unit": "100 Gr",
    "date": "2023-01-17"
  },
  {
    "id": 10767,
    "name": "Cilantro Hojas Tarro DUCROS",
    "description": "Cilantro Hojas Tarro 7 Gr",
    "category": "Especias",
    "url": "https://tienda.consum.es/es/p/cilantro-hojas-tarro/7199318",
    "price": 2.19,
    "reference_price": 31.29,
    "iva": 10,
    "reference_unit": "100 Gr",
    "date": "2023-01-17"
  },
  {
    "id": 10768,
    "name": "Sazonador Italia Tarro DUCROS",
    "description": "Sazonador Italia Tarro 30 Gr",
    "category": "Sazonadores",
    "url": "https://tienda.consum.es/es/p/sazonador-italia-tarro/7199321",
    "price": 2.65,
    "reference_price": 8.83,
    "iva": 10,
    "reference_unit": "100 Gr",
    "date": "2023-01-17"
  },
  {
    "id": 10769,
    "name": "Sazonador México Tarro DUCROS",
    "description": "Sazonador México Tarro 40 Gr",
    "category": "Sazonadores",
    "url": "https://tienda.consum.es/es/p/sazonador-mexico-tarro/7199326",
    "price": 2.65,
    "reference_price": 6.63,
    "iva": 10,
    "reference_unit": "100 Gr",
    "date": "2023-01-17"
  },
  {
    "id": 10770,
    "name": "Sazonador Marruecos Tarro DUCROS",
    "description": "Sazonador Marruecos Tarro 32 Gr",
    "category": "Sazonadores",
    "url": "https://tienda.consum.es/es/p/sazonador-marruecos-tarro/7199334",
    "price": 2.65,
    "reference_price": 8.28,
    "iva": 10,
    "reference_unit": "100 Gr",
    "date": "2023-01-17"
  },
  {
    "id": 10778,
    "name": "Queso Lonchas EL CASERIO",
    "description": "Queso Lonchas 150 Gr",
    "category": "Barra y otros nacionales",
    "url": "https://tienda.consum.es/es/p/queso-lonchas/7200702",
    "price": 1.49,
    "reference_price": 9.93,
    "iva": 0,
    "reference_unit": "1 Kg",
    "date": "2023-01-17"
  },
  {
    "id": 10781,
    "name": "Bolsa Congelación Zip Mediana CONSUM",
    "description": "Bolsa Congelación Zip Mediana 15 U",
    "category": "Bazar",
    "url": "https://tienda.consum.es/es/p/bolsa-congelacion-zip-mediana/7202513",
    "price": 1.5,
    "reference_price": 0.1,
    "iva": 21,
    "reference_unit": "1 U",
    "date": "2023-01-17"
  },
  {
    "id": 10782,
    "name": "Ventresca Atún Aceite de Oliva CALVO",
    "description": "Ventresca Atún Aceite de Oliva 75 Gr",
    "category": "Atún y bonito",
    "url": "https://tienda.consum.es/es/p/ventresca-atun-aceite-de-oliva/7202703",
    "price": 3.95,
    "reference_price": 52.67,
    "iva": 10,
    "reference_unit": "1 Kg",
    "date": "2023-01-17"
  },
  {
    "id": 10784,
    "name": "Salsa de Miel y Mostaza CHOVI",
    "description": "Salsa de Miel y Mostaza 255 Gr",
    "category": "Salsas refrigeradas",
    "url": "https://tienda.consum.es/es/p/salsa-de-miel-y-mostaza/7203123",
    "price": 2.69,
    "reference_price": 10.55,
    "iva": 10,
    "reference_unit": "1 Kg",
    "date": "2023-01-17"
  },
  {
    "id": 10786,
    "name": "Filete de Caballa del Sur Aceite de Girasol PESASUR",
    "description": "Filete de Caballa del Sur Aceite de Girasol 342 Gr",
    "category": "Caballa y melva",
    "url": "https://tienda.consum.es/es/p/filete-de-caballa-del-sur-aceite-de-girasol/7204584",
    "price": 6.19,
    "reference_price": 18.1,
    "iva": 10,
    "reference_unit": "1 Kg",
    "date": "2023-01-17"
  },
  {
    "id": 10790,
    "name": "Preparado para Huevos Rotos congelado FRIPOZO",
    "description": "Preparado para Huevos Rotos congelado 400 Gr",
    "category": "Carne, verduras y otros",
    "url": "https://tienda.consum.es/es/p/preparado-para-huevos-rotos-congelado/7205305",
    "price": 2.19,
    "reference_price": 5.48,
    "iva": 10,
    "reference_unit": "1 Kg",
    "date": "2023-01-17"
  },
  {
    "id": 10795,
    "name": "Espárrago 6/8 D.O. Navarra. Frasco DANTZA",
    "description": "Espárrago 6/8 D.O. Navarra. Frasco 205 Gr",
    "category": "Espárragos y palmitos",
    "url": "https://tienda.consum.es/es/p/esparrago-6/8-do-navarra-frasco/7208622",
    "price": 4.95,
    "reference_price": 24.15,
    "iva": 10,
    "reference_unit": "1 Kg",
    "date": "2023-01-17"
  },
  {
    "id": 10800,
    "name": "Molinillo Pimienta Negra Tarro CONSUM",
    "description": "Molinillo Pimienta Negra Tarro 35 Gr",
    "category": "Especias",
    "url": "https://tienda.consum.es/es/p/molinillo-pimienta-negra-tarro/7210032",
    "price": 1.15,
    "reference_price": 3.29,
    "iva": 10,
    "reference_unit": "100 Gr",
    "date": "2023-01-17"
  },
  {
    "id": 10801,
    "name": "Molinillo Pimienta 4 Bayas Tarro CONSUM",
    "description": "Molinillo Pimienta 4 Bayas Tarro 34 Gr",
    "category": "Especias",
    "url": "https://tienda.consum.es/es/p/molinillo-pimienta-4-bayas-tarro/7210037",
    "price": 1.15,
    "reference_price": 3.38,
    "iva": 10,
    "reference_unit": "100 Gr",
    "date": "2023-01-17"
  },
  {
    "id": 10806,
    "name": "Mortadela Fina con Aceitunas ELPOZO",
    "description": "Mortadela Fina con Aceitunas 500 Gr",
    "category": "Mortadela y chopped",
    "url": "https://tienda.consum.es/es/p/mortadela-fina-con-aceitunas/7211753",
    "price": 2,
    "reference_price": 4,
    "iva": 10,
    "reference_unit": "1 Kg",
    "date": "2023-01-17"
  },
  {
    "id": 10807,
    "name": "Tarrinas Caramel Attraction P-4 x 95Ml. HAAGEN DAZS",
    "description": "Tarrinas Caramel Attraction P-4 x 95Ml. 321 Gr",
    "category": "Tarrinas",
    "url": "https://tienda.consum.es/es/p/tarrinas-caramel-attraction-p-4-x-95ml/7212322",
    "price": 6.99,
    "reference_price": 21.78,
    "iva": 10,
    "reference_unit": "1 Kg",
    "date": "2023-01-17"
  },
  {
    "id": 10811,
    "name": "Mussaka congelada MAHESO",
    "description": "Mussaka congelada 300 Gr",
    "category": "Carne, verduras y otros",
    "url": "https://tienda.consum.es/es/p/mussaka-congelada/7213114",
    "price": 3.99,
    "reference_price": 13.3,
    "iva": 10,
    "reference_unit": "1 Kg",
    "date": "2023-01-17"
  },
  {
    "id": 10812,
    "name": "Pan de Cristal ",
    "description": "Pan de Cristal 240 Gr",
    "category": "Pan de horno",
    "url": "https://tienda.consum.es/es/p/pan-de-cristal/7214000",
    "price": 1.34,
    "reference_price": 5.58,
    "iva": 0,
    "reference_unit": "1 Kg",
    "date": "2023-01-17"
  },
  {
    "id": 10813,
    "name": "Queso Rallado sin Lactosa FLOR BURGOS",
    "description": "Queso Rallado sin Lactosa 150 Gr",
    "category": "Quesos Rallados",
    "url": "https://tienda.consum.es/es/p/queso-rallado-sin-lactosa/7214091",
    "price": 1.91,
    "reference_price": 12.73,
    "iva": 0,
    "reference_unit": "1 Kg",
    "date": "2023-01-17"
  },
  {
    "id": 10814,
    "name": "Paté Ibérico Pack de 2 Unidades LA CUINA",
    "description": "Paté Ibérico Pack de 2 Unidades 2 x 50 Gr",
    "category": "Foie y patés ",
    "url": "https://tienda.consum.es/es/p/pate-iberico-pack-de-2-unidades/7216633",
    "price": 1.39,
    "reference_price": 13.9,
    "iva": 10,
    "reference_unit": "1 Kg",
    "date": "2023-01-17"
  },
  {
    "id": 10821,
    "name": "Salsa Kebab White Bote CHOVI",
    "description": "Salsa Kebab White Bote 250 ml",
    "category": "Otras salsas",
    "url": "https://tienda.consum.es/es/p/salsa-kebab-white-bote/7219871",
    "price": 2.49,
    "reference_price": 9.96,
    "iva": 10,
    "reference_unit": "1 L",
    "date": "2023-01-17"
  },
  {
    "id": 10828,
    "name": "Hierbas Provenzales Frasco DUCROS",
    "description": "Hierbas Provenzales Frasco 18 Gr",
    "category": "Especias",
    "url": "https://tienda.consum.es/es/p/hierbas-provenzales-frasco/7223381",
    "price": 2.19,
    "reference_price": 12.17,
    "iva": 10,
    "reference_unit": "100 Gr",
    "date": "2023-01-17"
  },
  {
    "id": 10829,
    "name": "Comino Molido Frasco DUCROS",
    "description": "Comino Molido Frasco 28 Gr",
    "category": "Especias",
    "url": "https://tienda.consum.es/es/p/comino-molido-frasco/7223402",
    "price": 2.25,
    "reference_price": 8.04,
    "iva": 10,
    "reference_unit": "100 Gr",
    "date": "2023-01-17"
  },
  {
    "id": 10830,
    "name": "Cebollino Frasco DUCROS",
    "description": "Cebollino Frasco 2,5 Gr",
    "category": "Especias",
    "url": "https://tienda.consum.es/es/p/cebollino-frasco/7223415",
    "price": 2.19,
    "reference_price": 87.6,
    "iva": 10,
    "reference_unit": "100 Gr",
    "date": "2023-01-17"
  },
  {
    "id": 10832,
    "name": "Cebolla Frasco DUCROS",
    "description": "Cebolla Frasco 30 Gr",
    "category": "Especias",
    "url": "https://tienda.consum.es/es/p/cebolla-frasco/7223451",
    "price": 2.19,
    "reference_price": 7.3,
    "iva": 10,
    "reference_unit": "100 Gr",
    "date": "2023-01-17"
  },
  {
    "id": 10833,
    "name": "Canela Molida Frasco DUCROS",
    "description": "Canela Molida Frasco 39 Gr",
    "category": "Especias",
    "url": "https://tienda.consum.es/es/p/canela-molida-frasco/7223568",
    "price": 2.59,
    "reference_price": 6.64,
    "iva": 10,
    "reference_unit": "100 Gr",
    "date": "2023-01-17"
  },
  {
    "id": 10834,
    "name": "Canela en Rama Frasco DUCROS",
    "description": "Canela en Rama Frasco 10 Gr",
    "category": "Especias",
    "url": "https://tienda.consum.es/es/p/canela-en-rama-frasco/7223571",
    "price": 2.59,
    "reference_price": 25.9,
    "iva": 10,
    "reference_unit": "100 Gr",
    "date": "2023-01-17"
  },
  {
    "id": 10835,
    "name": "Canela 5 Ramas Paquete DUCROS",
    "description": "Canela 5 Ramas Paquete 22 Gr",
    "category": "Especias",
    "url": "https://tienda.consum.es/es/p/canela-5-ramas-paquete/7223576",
    "price": 5.29,
    "reference_price": 24.05,
    "iva": 10,
    "reference_unit": "100 Gr",
    "date": "2023-01-17"
  },
  {
    "id": 10837,
    "name": "Albahaca Frasco DUCROS",
    "description": "Albahaca Frasco 12 Gr",
    "category": "Especias",
    "url": "https://tienda.consum.es/es/p/albahaca-frasco/7223589",
    "price": 2.19,
    "reference_price": 18.25,
    "iva": 10,
    "reference_unit": "100 Gr",
    "date": "2023-01-17"
  },
  {
    "id": 10845,
    "name": "Romero Frasco DUCROS",
    "description": "Romero Frasco 23 Gr",
    "category": "Especias",
    "url": "https://tienda.consum.es/es/p/romero-frasco/7223659",
    "price": 2.19,
    "reference_price": 9.52,
    "iva": 10,
    "reference_unit": "100 Gr",
    "date": "2023-01-17"
  },
  {
    "id": 10847,
    "name": "Pimienta Negra Entera Frasco DUCROS",
    "description": "Pimienta Negra Entera Frasco 48 Gr",
    "category": "Especias",
    "url": "https://tienda.consum.es/es/p/pimienta-negra-entera-frasco/7223683",
    "price": 2.99,
    "reference_price": 6.23,
    "iva": 10,
    "reference_unit": "100 Gr",
    "date": "2023-01-17"
  },
  {
    "id": 10848,
    "name": "Pimienta Cayena Entera Frasco DUCROS",
    "description": "Pimienta Cayena Entera Frasco 11 Gr",
    "category": "Especias",
    "url": "https://tienda.consum.es/es/p/pimienta-cayena-entera-frasco/7223696",
    "price": 2.25,
    "reference_price": 20.45,
    "iva": 10,
    "reference_unit": "100 Gr",
    "date": "2023-01-17"
  },
  {
    "id": 10849,
    "name": "Pimienta Blanca Molida Frasco DUCROS",
    "description": "Pimienta Blanca Molida Frasco 40 Gr",
    "category": "Especias",
    "url": "https://tienda.consum.es/es/p/pimienta-blanca-molida-frasco/7223709",
    "price": 2.99,
    "reference_price": 7.48,
    "iva": 10,
    "reference_unit": "100 Gr",
    "date": "2023-01-17"
  },
  {
    "id": 10851,
    "name": "Pimentón Picante Frasco DUCROS",
    "description": "Pimentón Picante Frasco 37 Gr",
    "category": "Especias",
    "url": "https://tienda.consum.es/es/p/pimenton-picante-frasco/7223717",
    "price": 2.25,
    "reference_price": 6.08,
    "iva": 10,
    "reference_unit": "100 Gr",
    "date": "2023-01-17"
  },
  {
    "id": 10852,
    "name": "Paella Marinera Sobre DUCROS",
    "description": "Paella Marinera Sobre 9 Gr",
    "category": "Sazonadores",
    "url": "https://tienda.consum.es/es/p/paella-marinera-sobre/7223720",
    "price": 2.45,
    "reference_price": 27.22,
    "iva": 10,
    "reference_unit": "100 Gr",
    "date": "2023-01-17"
  },
  {
    "id": 10856,
    "name": "Pimentón Dulce Frasco DUCROS",
    "description": "Pimentón Dulce Frasco 40 Gr",
    "category": "Especias",
    "url": "https://tienda.consum.es/es/p/pimenton-dulce-frasco/7223782",
    "price": 2.25,
    "reference_price": 5.63,
    "iva": 10,
    "reference_unit": "100 Gr",
    "date": "2023-01-17"
  },
  {
    "id": 10857,
    "name": "Calamares en Salsa Americana ALBO",
    "description": "Calamares en Salsa Americana 72 Gr",
    "category": "Calamares y chipirones",
    "url": "https://tienda.consum.es/es/p/calamares-en-salsa-americana/7224314",
    "price": 2.49,
    "reference_price": 34.58,
    "iva": 10,
    "reference_unit": "1 Kg",
    "date": "2023-01-17"
  },
  {
    "id": 10860,
    "name": "Gran Salsa Mostaza Bote HELLMANN'S",
    "description": "Gran Salsa Mostaza Bote 257 Gr",
    "category": "Mostaza",
    "url": "https://tienda.consum.es/es/p/gran-salsa-mostaza-bote/7224756",
    "price": 1.85,
    "reference_price": 7.2,
    "iva": 10,
    "reference_unit": "1 Kg",
    "date": "2023-01-17"
  },
  {
    "id": 10863,
    "name": "Pimiento en Salmuera Pet CORBI",
    "description": "Pimiento en Salmuera Pet 425 Gr",
    "category": "Resto de encurtidos",
    "url": "https://tienda.consum.es/es/p/pimiento-en-salmuera-pet/7225485",
    "price": 2.75,
    "reference_price": 6.55,
    "iva": 10,
    "reference_unit": "1 Kg",
    "date": "2023-01-17"
  },
  {
    "id": 10867,
    "name": "Arroz Redondo Paquete BRILLANTE",
    "description": "Arroz Redondo Paquete 1 Kg",
    "category": "Arroz",
    "url": "https://tienda.consum.es/es/p/arroz-redondo-paquete/7225964",
    "price": 1.82,
    "reference_price": 1.82,
    "iva": 0,
    "reference_unit": "1 Kg",
    "date": "2023-01-17"
  },
  {
    "id": 10870,
    "name": "Olivada Arbequina Tarro D'ATENEA",
    "description": "Olivada Arbequina Tarro 135 Gr",
    "category": "Patés y untables",
    "url": "https://tienda.consum.es/es/p/olivada-arbequina-tarro/7227031",
    "price": 1.75,
    "reference_price": 12.96,
    "iva": 10,
    "reference_unit": "1 Kg",
    "date": "2023-01-17"
  },
  {
    "id": 10871,
    "name": "Bloc Foie Gras de Pato Lata SOROA",
    "description": "Bloc Foie Gras de Pato Lata 130 Gr",
    "category": "Patés y untables",
    "url": "https://tienda.consum.es/es/p/bloc-foie-gras-de-pato-lata/7227627",
    "price": 6.95,
    "reference_price": 53.46,
    "iva": 10,
    "reference_unit": "1 Kg",
    "date": "2023-01-17"
  },
  {
    "id": 10873,
    "name": "Guisantes Extra Finos Frasco BONDUELLE",
    "description": "Guisantes Extra Finos Frasco 465 Gr",
    "category": "Guisantes",
    "url": "https://tienda.consum.es/es/p/guisantes-extra-finos-frasco/7228810",
    "price": 3.15,
    "reference_price": 6.77,
    "iva": 10,
    "reference_unit": "1 Kg",
    "date": "2023-01-17"
  },
  {
    "id": 10876,
    "name": "Whisky Scotch BALLANTINES",
    "description": "Whisky Scotch 1 L",
    "category": "Licores y vermouth",
    "url": "https://tienda.consum.es/es/p/whisky-scotch/7230514",
    "price": 16.99,
    "reference_price": 16.99,
    "iva": 21,
    "reference_unit": "1 L",
    "date": "2023-01-17"
  },
  {
    "id": 10879,
    "name": "Bloque Vainilla Chocolate sin Azucar CONSUM",
    "description": "Bloque Vainilla Chocolate sin Azucar 510 Gr",
    "category": "Helados",
    "url": "https://tienda.consum.es/es/p/bloque-vainilla-chocolate-sin-azucar/7231330",
    "price": 2.29,
    "reference_price": 4.49,
    "iva": 10,
    "reference_unit": "1 Kg",
    "date": "2023-01-17"
  },
  {
    "id": 10885,
    "name": "Cepillo Lava Platos Oval VIGAR",
    "description": "Cepillo Lava Platos Oval 1 U",
    "category": "Otros utensilios de limpieza",
    "url": "https://tienda.consum.es/es/p/cepillo-lava-platos-oval/7232726",
    "price": 1.25,
    "reference_price": 1.25,
    "iva": 21,
    "reference_unit": "1 U",
    "date": "2023-01-17"
  },
  {
    "id": 10887,
    "name": "Aceituna Aloreña Aliñada Partida Frasco JOLCA",
    "description": "Aceituna Aloreña Aliñada Partida Frasco 500 Gr",
    "category": "Aceitunas con hueso",
    "url": "https://tienda.consum.es/es/p/aceituna-alorena-alinada-partida-frasco/7233539",
    "price": 3.59,
    "reference_price": 7.18,
    "iva": 10,
    "reference_unit": "1 Kg",
    "date": "2023-01-17"
  },
  {
    "id": 10895,
    "name": "Chorizo Dulce Extra PALACIOS",
    "description": "Chorizo Dulce Extra 250 Gr",
    "category": "Chorizo",
    "url": "https://tienda.consum.es/es/p/chorizo-dulce-extra/7235690",
    "price": 3.99,
    "reference_price": 15.96,
    "iva": 10,
    "reference_unit": "1 Kg",
    "date": "2023-01-17"
  },
  {
    "id": 10898,
    "name": "Paté de Anchoa Tarro APIS",
    "description": "Paté de Anchoa Tarro 160 Gr",
    "category": "Patés y untables",
    "url": "https://tienda.consum.es/es/p/pate-de-anchoa-tarro/7236144",
    "price": 1.39,
    "reference_price": 8.69,
    "iva": 10,
    "reference_unit": "1 Kg",
    "date": "2023-01-17"
  },
  {
    "id": 10905,
    "name": "Arroz Vaporizado Caja BRILLANTE",
    "description": "Arroz Vaporizado Caja 1 Kg",
    "category": "Arroz",
    "url": "https://tienda.consum.es/es/p/arroz-vaporizado-caja/7237238",
    "price": 1.9,
    "reference_price": 1.9,
    "iva": 0,
    "reference_unit": "1 Kg",
    "date": "2023-01-17"
  },
  {
    "id": 10915,
    "name": "Paté Superior Pato 68% Foie MARTIKO",
    "description": "Paté Superior Pato 68% Foie 2 x 75 Gr",
    "category": "Foie y patés ",
    "url": "https://tienda.consum.es/es/p/pate-superior-pato-68-foie/7239648",
    "price": 3.4,
    "reference_price": 22.67,
    "iva": 10,
    "reference_unit": "1 Kg",
    "date": "2023-01-17"
  },
  {
    "id": 10916,
    "name": "Paté Superior Oca 61% Foie MARTIKO",
    "description": "Paté Superior Oca 61% Foie 2 x 75 Gr",
    "category": "Foie y patés ",
    "url": "https://tienda.consum.es/es/p/pate-superior-oca-61-foie/7239650",
    "price": 3.4,
    "reference_price": 22.67,
    "iva": 10,
    "reference_unit": "1 Kg",
    "date": "2023-01-17"
  },
  {
    "id": 10923,
    "name": "Ensalada Mediterránea Frasco BONDUELLE",
    "description": "Ensalada Mediterránea Frasco 300 Gr",
    "category": "Otros vegetales",
    "url": "https://tienda.consum.es/es/p/ensalada-mediterranea-frasco/7240930",
    "price": 3.09,
    "reference_price": 10.3,
    "iva": 10,
    "reference_unit": "1 Kg",
    "date": "2023-01-17"
  },
  {
    "id": 10925,
    "name": "Mejillones en Escabeche Pack de 2 RODEIRA",
    "description": "Mejillones en Escabeche Pack de 2 2 x 92 Gr",
    "category": "Mejillones",
    "url": "https://tienda.consum.es/es/p/mejillones-en-escabeche-pack-de-2/7241230",
    "price": 2.79,
    "reference_price": 15.16,
    "iva": 10,
    "reference_unit": "1 Kg",
    "date": "2023-01-17"
  },
  {
    "id": 10928,
    "name": "Zumo Smoothie Mango y Maracuyá DON SIMON",
    "description": "Zumo Smoothie Mango y Maracuyá 750 ml",
    "category": "Zumos refrigerados",
    "url": "https://tienda.consum.es/es/p/zumo-smoothie-mango-y-maracuya/7242050",
    "price": 1.99,
    "reference_price": 2.65,
    "iva": 10,
    "reference_unit": "1 L",
    "date": "2023-01-17"
  },
  {
    "id": 10933,
    "name": "Crema de Jamón de York Pack de 3 APIS",
    "description": "Crema de Jamón de York Pack de 3 3 x 80 Gr",
    "category": "Patés y untables",
    "url": "https://tienda.consum.es/es/p/crema-de-jamon-de-york-pack-de-3/7243678",
    "price": 2.89,
    "reference_price": 12.04,
    "iva": 10,
    "reference_unit": "1 Kg",
    "date": "2023-01-17"
  },
  {
    "id": 10934,
    "name": "Aceituna Verde Verdial Partida Gazpacha JOLCA",
    "description": "Aceituna Verde Verdial Partida Gazpacha 500 Gr",
    "category": "Aceitunas con hueso",
    "url": "https://tienda.consum.es/es/p/aceituna-verde-verdial-partida-gazpacha/7243728",
    "price": 3.59,
    "reference_price": 7.18,
    "iva": 10,
    "reference_unit": "1 Kg",
    "date": "2023-01-17"
  },
  {
    "id": 10936,
    "name": "Banderillas Picantes Aceite y Sabor Anchoa KIMBO",
    "description": "Banderillas Picantes Aceite y Sabor Anchoa 120 Gr",
    "category": "Banderillas y cocktails",
    "url": "https://tienda.consum.es/es/p/banderillas-picantes-aceite-y-sabor-anchoa/7243819",
    "price": 2.65,
    "reference_price": 22.08,
    "iva": 10,
    "reference_unit": "1 Kg",
    "date": "2023-01-17"
  },
  {
    "id": 10937,
    "name": "Vino para Cocinar Blanco Seco Botella LA ABUELA",
    "description": "Vino para Cocinar Blanco Seco Botella 0,75 L",
    "category": "Mesa",
    "url": "https://tienda.consum.es/es/p/vino-para-cocinar-blanco-seco-botella/7245298",
    "price": 2.35,
    "reference_price": 3.13,
    "iva": 21,
    "reference_unit": "1 L",
    "date": "2023-01-17"
  },
  {
    "id": 10939,
    "name": "Hogaza 7 Cereales y Semillas ",
    "description": "Hogaza 7 Cereales y Semillas 384 Gr",
    "category": "Pan de horno",
    "url": "https://tienda.consum.es/es/p/hogaza-7-cereales-y-semillas/7245954",
    "price": 2.35,
    "reference_price": 6.44,
    "iva": 10,
    "reference_unit": "1 Kg",
    "date": "2023-01-17"
  },
  {
    "id": 10940,
    "name": "Paleta Duroc LA HOGUERA",
    "description": "Paleta Duroc 100 Gr",
    "category": "Ibéricos",
    "url": "https://tienda.consum.es/es/p/paleta-duroc/7246007",
    "price": 2.69,
    "reference_price": 26.9,
    "iva": 10,
    "reference_unit": "1 Kg",
    "date": "2023-01-17"
  },
  {
    "id": 10942,
    "name": "Salsa Barbacoa Classic Pet HEINZ",
    "description": "Salsa Barbacoa Classic Pet 400 ml",
    "category": "Brava, barbacoa y rosa",
    "url": "https://tienda.consum.es/es/p/salsa-barbacoa-classic-pet/7247427",
    "price": 3.49,
    "reference_price": 7.27,
    "iva": 10,
    "reference_unit": "1 Kg",
    "date": "2023-01-17"
  },
  {
    "id": 10953,
    "name": "Canela Molida Saigón Frasco DUCROS",
    "description": "Canela Molida Saigón Frasco 40 Gr",
    "category": "Especias",
    "url": "https://tienda.consum.es/es/p/canela-molida-saigon-frasco/7249712",
    "price": 3.69,
    "reference_price": 9.23,
    "iva": 10,
    "reference_unit": "100 Gr",
    "date": "2023-01-17"
  },
  {
    "id": 10954,
    "name": "Curry Tradición Frasco DUCROS",
    "description": "Curry Tradición Frasco 53 Gr",
    "category": "Especias",
    "url": "https://tienda.consum.es/es/p/curry-tradicion-frasco/7249717",
    "price": 3.69,
    "reference_price": 69.62,
    "iva": 10,
    "reference_unit": "1 Kg",
    "date": "2023-01-17"
  },
  {
    "id": 10957,
    "name": "Aceituna Gordal Picante sin Hueso Lata BERNAL",
    "description": "Aceituna Gordal Picante sin Hueso Lata 150 Gr",
    "category": "Aceitunas sin hueso",
    "url": "https://tienda.consum.es/es/p/aceituna-gordal-picante-sin-hueso-lata/7250488",
    "price": 1.99,
    "reference_price": 13.27,
    "iva": 10,
    "reference_unit": "1 Kg",
    "date": "2023-01-17"
  },
  {
    "id": 10959,
    "name": "Preparado para Paella Frasco SABATER",
    "description": "Preparado para Paella Frasco 53 Gr",
    "category": "Sazonadores",
    "url": "https://tienda.consum.es/es/p/preparado-para-paella-frasco/7251309",
    "price": 2.55,
    "reference_price": 48.11,
    "iva": 10,
    "reference_unit": "1 Kg",
    "date": "2023-01-17"
  },
  {
    "id": 10960,
    "name": "Champú Cabello Graso KYREY",
    "description": "Champú Cabello Graso 400 ml",
    "category": "Champú",
    "url": "https://tienda.consum.es/es/p/champu-cabello-graso/7251994",
    "price": 1.7,
    "reference_price": 0.43,
    "iva": 21,
    "reference_unit": "100 ml",
    "date": "2023-01-17"
  },
  {
    "id": 10981,
    "name": "Jamón Serrano Reserva Como Cortado a Mano BOADAS",
    "description": "Jamón Serrano Reserva Como Cortado a Mano 80 Gr",
    "category": "Jamón",
    "url": "https://tienda.consum.es/es/p/jamon-serrano-reserva-como-cortado-a-mano/7257280",
    "price": 2.79,
    "reference_price": 34.88,
    "iva": 10,
    "reference_unit": "1 Kg",
    "date": "2023-01-17"
  },
  {
    "id": 10988,
    "name": "Paté de Bellota Negra Jamón Ibérico APIS",
    "description": "Paté de Bellota Negra Jamón Ibérico 125 Gr",
    "category": "Patés y untables",
    "url": "https://tienda.consum.es/es/p/pate-de-bellota-negra-jamon-iberico/7260115",
    "price": 1.59,
    "reference_price": 12.72,
    "iva": 10,
    "reference_unit": "1 Kg",
    "date": "2023-01-17"
  },
  {
    "id": 10989,
    "name": "Perejil Frasco DUCROS",
    "description": "Perejil Frasco 33 Gr",
    "category": "Especias",
    "url": "https://tienda.consum.es/es/p/perejil-frasco/7260219",
    "price": 4.39,
    "reference_price": 13.3,
    "iva": 10,
    "reference_unit": "100 Gr",
    "date": "2023-01-17"
  },
  {
    "id": 10991,
    "name": "Bombón Macadamia Nut Pack de 3 Unidades HAAGEN DAZS",
    "description": "Bombón Macadamia Nut Pack de 3 Unidades 210 Gr",
    "category": "Bombones",
    "url": "https://tienda.consum.es/es/p/bombon-macadamia-nut-pack-de-3-unidades/7260255",
    "price": 4.29,
    "reference_price": 20.43,
    "iva": 10,
    "reference_unit": "1 Kg",
    "date": "2023-01-17"
  },
  {
    "id": 10993,
    "name": "Escamas de Queso Parmigiano Reggiano FERRARINI",
    "description": "Escamas de Queso Parmigiano Reggiano 80 Gr",
    "category": "Quesos Rallados",
    "url": "https://tienda.consum.es/es/p/escamas-de-queso-parmigiano-reggiano/7260664",
    "price": 2.3,
    "reference_price": 28.75,
    "iva": 0,
    "reference_unit": "1 Kg",
    "date": "2023-01-17"
  },
  {
    "id": 10996,
    "name": "Croissant Relleno de Crema 6 Unidades ",
    "description": "Croissant Relleno de Crema 6 Unidades 180 Gr",
    "category": "Croissants y ensaimadas",
    "url": "https://tienda.consum.es/es/p/croissant-relleno-de-crema-6-unidades/7261308",
    "price": 1.79,
    "reference_price": 9.94,
    "iva": 10,
    "reference_unit": "1 Kg",
    "date": "2023-01-17"
  },
  {
    "id": 11019,
    "name": "Mini Rosquilla Bombón 5 Unidades ",
    "description": "Mini Rosquilla Bombón 5 Unidades 150 Gr",
    "category": "Bollería rellena y donuts",
    "url": "https://tienda.consum.es/es/p/mini-rosquilla-bombon-5-unidades/7263580",
    "price": 1.59,
    "reference_price": 10.6,
    "iva": 10,
    "reference_unit": "1 Kg",
    "date": "2023-01-17"
  },
  {
    "id": 11020,
    "name": "Mini Rosquilla Glas 5 Unidades ",
    "description": "Mini Rosquilla Glas 5 Unidades 150 Gr",
    "category": "Bollería rellena y donuts",
    "url": "https://tienda.consum.es/es/p/mini-rosquilla-glas-5-unidades/7263598",
    "price": 1.59,
    "reference_price": 10.6,
    "iva": 10,
    "reference_unit": "1 Kg",
    "date": "2023-01-17"
  },
  {
    "id": 11021,
    "name": "Nata Montar Pack de 3 Minibrik CONSUM",
    "description": "Nata Montar Pack de 3 Minibrik 3 x 200 ml",
    "category": "Nata para montar",
    "url": "https://tienda.consum.es/es/p/nata-montar-pack-de-3-minibrik/7264104",
    "price": 1.95,
    "reference_price": 3.25,
    "iva": 10,
    "reference_unit": "1 L",
    "date": "2023-01-17"
  },
  {
    "id": 11026,
    "name": "Ensalada Mediterránea CALVO",
    "description": "Ensalada Mediterránea 150 Gr",
    "category": "Despensa",
    "url": "https://tienda.consum.es/es/p/ensalada-mediterranea/7264633",
    "price": 1.35,
    "reference_price": 9,
    "iva": 10,
    "reference_unit": "1 Kg",
    "date": "2023-01-17"
  },
  {
    "id": 11027,
    "name": "Paté de Atún Lata Pack de 2 CALVO",
    "description": "Paté de Atún Lata Pack de 2 2 x 75 Gr",
    "category": "Patés y untables",
    "url": "https://tienda.consum.es/es/p/pate-de-atun-lata-pack-de-2/7264641",
    "price": 2.65,
    "reference_price": 17.67,
    "iva": 10,
    "reference_unit": "1 Kg",
    "date": "2023-01-17"
  },
  {
    "id": 11028,
    "name": "Paté de Atún 0% Materia Grasa CALVO",
    "description": "Paté de Atún 0% Materia Grasa 2 x 75 Gr",
    "category": "Patés y untables",
    "url": "https://tienda.consum.es/es/p/pate-de-atun-0-materia-grasa/7264646",
    "price": 2.65,
    "reference_price": 17.67,
    "iva": 10,
    "reference_unit": "1 Kg",
    "date": "2023-01-17"
  },
  {
    "id": 11029,
    "name": "Garbanza Selección Paquete DON PEDRO",
    "description": "Garbanza Selección Paquete 1 Kg",
    "category": "Legumbres secas",
    "url": "https://tienda.consum.es/es/p/garbanza-seleccion-paquete/7264914",
    "price": 3.84,
    "reference_price": 3.84,
    "iva": 0,
    "reference_unit": "1 Kg",
    "date": "2023-01-17"
  },
  {
    "id": 11033,
    "name": "Salsa Mayonesa Deliciosa HEINZ",
    "description": "Salsa Mayonesa Deliciosa 480 ml",
    "category": "Mayonesa",
    "url": "https://tienda.consum.es/es/p/salsa-mayonesa-deliciosa/7265622",
    "price": 2.89,
    "reference_price": 6.02,
    "iva": 10,
    "reference_unit": "1 L",
    "date": "2023-01-17"
  },
  {
    "id": 11034,
    "name": "Aceite de Oliva Virgen Botella CONSUM",
    "description": "Aceite de Oliva Virgen Botella 3 L",
    "category": "Aceite de oliva virgen y virgen extra",
    "url": "https://tienda.consum.es/es/p/aceite-de-oliva-virgen-botella/7265689",
    "price": 15.18,
    "reference_price": 5.06,
    "iva": 5,
    "reference_unit": "1 L",
    "date": "2023-01-17"
  },
  {
    "id": 11035,
    "name": "Aceite de Oliva Virgen Botella CONSUM",
    "description": "Aceite de Oliva Virgen Botella 0,5 L",
    "category": "Aceite de oliva virgen y virgen extra",
    "url": "https://tienda.consum.es/es/p/aceite-de-oliva-virgen-botella/7265697",
    "price": 2.85,
    "reference_price": 5.7,
    "iva": 5,
    "reference_unit": "1 L",
    "date": "2023-01-17"
  },
  {
    "id": 11036,
    "name": "Aceite de Oliva Virgen Extra Cristal CONSUM",
    "description": "Aceite de Oliva Virgen Extra Cristal 0,75 L",
    "category": "Aceite de oliva virgen y virgen extra",
    "url": "https://tienda.consum.es/es/p/aceite-de-oliva-virgen-extra-cristal/7265700",
    "price": 5.11,
    "reference_price": 6.81,
    "iva": 5,
    "reference_unit": "1 L",
    "date": "2023-01-17"
  },
  {
    "id": 11040,
    "name": "Salsa Rosa Frasco CALVÉ",
    "description": "Salsa Rosa Frasco 225 ml",
    "category": "Brava, barbacoa y rosa",
    "url": "https://tienda.consum.es/es/p/salsa-rosa-frasco/7266252",
    "price": 1.69,
    "reference_price": 7.51,
    "iva": 10,
    "reference_unit": "1 L",
    "date": "2023-01-17"
  },
  {
    "id": 11041,
    "name": "Salsa Barbacoa Pet HELLMANN'S",
    "description": "Salsa Barbacoa Pet 250 ml",
    "category": "Brava, barbacoa y rosa",
    "url": "https://tienda.consum.es/es/p/salsa-barbacoa-pet/7266257",
    "price": 1.85,
    "reference_price": 6.49,
    "iva": 10,
    "reference_unit": "1 Kg",
    "date": "2023-01-17"
  },
  {
    "id": 11048,
    "name": "Longaniza de Payés BOADAS",
    "description": "Longaniza de Payés 80 Gr",
    "category": "Curado",
    "url": "https://tienda.consum.es/es/p/longaniza-de-payes/7266380",
    "price": 1.99,
    "reference_price": 24.88,
    "iva": 10,
    "reference_unit": "1 Kg",
    "date": "2023-01-17"
  },
  {
    "id": 11061,
    "name": "Pan Rebanado de Centeno ",
    "description": "Pan Rebanado de Centeno 400 Gr",
    "category": "Pan de molde y rebanado",
    "url": "https://tienda.consum.es/es/p/pan-rebanado-de-centeno/7266950",
    "price": 1.85,
    "reference_price": 4.63,
    "iva": 10,
    "reference_unit": "1 Kg",
    "date": "2023-01-17"
  },
  {
    "id": 11063,
    "name": "Preparado Especial para Pastas y Arroces congelado COCINARTE",
    "description": "Preparado Especial para Pastas y Arroces congelado 1 Kg",
    "category": "Pescados y mariscos",
    "url": "https://tienda.consum.es/es/p/preparado-especial-para-pastas-y-arroces-congelado/7267581",
    "price": 6.59,
    "reference_price": 6.59,
    "iva": 10,
    "reference_unit": "1 Kg",
    "date": "2023-01-17"
  },
  {
    "id": 11066,
    "name": "Queso Lonchas Gouda Light JUAN LUNA",
    "description": "Queso Lonchas Gouda Light 100 Gr",
    "category": "Barra y otros nacionales",
    "url": "https://tienda.consum.es/es/p/queso-lonchas-gouda-light/7268050",
    "price": 1.59,
    "reference_price": 15.9,
    "iva": 0,
    "reference_unit": "1 Kg",
    "date": "2023-01-17"
  },
  {
    "id": 11072,
    "name": "Salsa Pesto Tarro GALLO",
    "description": "Salsa Pesto Tarro 190 Gr",
    "category": "Otras salsas",
    "url": "https://tienda.consum.es/es/p/salsa-pesto-tarro/7268469",
    "price": 2.05,
    "reference_price": 10.79,
    "iva": 10,
    "reference_unit": "1 Kg",
    "date": "2023-01-17"
  },
  {
    "id": 11083,
    "name": "La Gula del Norte AGUINAGA",
    "description": "La Gula del Norte 100 Gr",
    "category": "Frescos",
    "url": "https://tienda.consum.es/es/p/la-gula-del-norte/7268824",
    "price": 3.19,
    "reference_price": 31.9,
    "iva": 10,
    "reference_unit": "1 Kg",
    "date": "2023-01-17"
  },
  {
    "id": 11086,
    "name": "Filete de Merluza Married congelado EXKIMO",
    "description": "Filete de Merluza Married congelado 450 Gr",
    "category": "Pescados y mariscos",
    "url": "https://tienda.consum.es/es/p/filete-de-merluza-married-congelado/7269368",
    "price": 6.29,
    "reference_price": 13.98,
    "iva": 10,
    "reference_unit": "1 Kg",
    "date": "2023-01-17"
  },
  {
    "id": 11087,
    "name": "Bombón de Merluza congelado EXKIMO",
    "description": "Bombón de Merluza congelado 400 Gr",
    "category": "Pescados y mariscos",
    "url": "https://tienda.consum.es/es/p/bombon-de-merluza-congelado/7269371",
    "price": 5.29,
    "reference_price": 13.23,
    "iva": 10,
    "reference_unit": "1 Kg",
    "date": "2023-01-17"
  },
  {
    "id": 11091,
    "name": "Pan Hamburguesa Rústico Natural 100% 4U ",
    "description": "Pan Hamburguesa Rústico Natural 100% 4U 300 Gr",
    "category": "Pan hamburguesas y perritos",
    "url": "https://tienda.consum.es/es/p/pan-hamburguesa-rustico-natural-100-4u/7270585",
    "price": 1.65,
    "reference_price": 5.5,
    "iva": 10,
    "reference_unit": "1 Kg",
    "date": "2023-01-17"
  },
  {
    "id": 11093,
    "name": "Zumo de Naranja con Pulpa FRUTAE",
    "description": "Zumo de Naranja con Pulpa 750 ml",
    "category": "Zumos refrigerados",
    "url": "https://tienda.consum.es/es/p/zumo-de-naranja-con-pulpa/7270999",
    "price": 1.85,
    "reference_price": 2.47,
    "iva": 10,
    "reference_unit": "1 L",
    "date": "2023-01-17"
  },
  {
    "id": 11110,
    "name": "Aceite de Argán Oil&Go Hidratante NAT.HONEY",
    "description": "Aceite de Argán Oil&Go Hidratante 300 ml",
    "category": "Body-lociones",
    "url": "https://tienda.consum.es/es/p/aceite-de-argan-oilgo-hidratante/7272859",
    "price": 3.39,
    "reference_price": 1.13,
    "iva": 21,
    "reference_unit": "100 ml",
    "date": "2023-01-17"
  },
  {
    "id": 11114,
    "name": "Pera Ercolini ",
    "description": "Pera Ercolini",
    "category": "Manzana, pera y plátano",
    "url": "https://tienda.consum.es/es/p/pera-ercolini/16576",
    "price": 0.25,
    "reference_price": 2.49,
    "iva": 0,
    "reference_unit": "1 Kg",
    "date": "2023-01-17"
  },
  {
    "id": 11119,
    "name": "Menestra Verduras Frasco LEYENDA",
    "description": "Menestra Verduras Frasco 400 Gr",
    "category": "Macedonias y menestras",
    "url": "https://tienda.consum.es/es/p/menestra-verduras-frasco/319723",
    "price": 4.35,
    "reference_price": 10.88,
    "iva": 10,
    "reference_unit": "1 Kg",
    "date": "2023-01-17"
  },
  {
    "id": 11120,
    "name": "Limpiador WC Líquido Oceano PATO",
    "description": "Limpiador WC Líquido Oceano 0,75 L",
    "category": "Limpieza baños",
    "url": "https://tienda.consum.es/es/p/limpiador-wc-liquido-oceano/402073",
    "price": 3.19,
    "reference_price": 4.25,
    "iva": 21,
    "reference_unit": "1 L",
    "date": "2023-01-17"
  },
  {
    "id": 11121,
    "name": "Recambio Insecticida Líquido 45 Noches BLOOM",
    "description": "Recambio Insecticida Líquido 45 Noches 1 U",
    "category": "Eléctricos",
    "url": "https://tienda.consum.es/es/p/recambio-insecticida-liquido-45-noches/415182",
    "price": 4.05,
    "reference_price": 4.05,
    "iva": 21,
    "reference_unit": "1 U",
    "date": "2023-01-17"
  },
  {
    "id": 11126,
    "name": "Crema Hidratante Men NIVEA",
    "description": "Crema Hidratante Men 75 ml",
    "category": "Masculino",
    "url": "https://tienda.consum.es/es/p/crema-hidratante-men/655555",
    "price": 7.95,
    "reference_price": 106,
    "iva": 21,
    "reference_unit": "1 L",
    "date": "2023-01-17"
  },
  {
    "id": 11137,
    "name": "Manteca de Cerdo Ibérico ELPOZO",
    "description": "Manteca de Cerdo Ibérico 400 Gr",
    "category": "Curado",
    "url": "https://tienda.consum.es/es/p/manteca-de-cerdo-iberico/7019599",
    "price": 3.5,
    "reference_price": 8.75,
    "iva": 10,
    "reference_unit": "1 Kg",
    "date": "2023-01-17"
  },
  {
    "id": 11146,
    "name": "Crema Depilatoria Ducha Piel Normal VEET",
    "description": "Crema Depilatoria Ducha Piel Normal 150 ml",
    "category": "Crema, gel y spray",
    "url": "https://tienda.consum.es/es/p/crema-depilatoria-ducha-piel-normal/7045206",
    "price": 4.85,
    "reference_price": 3.23,
    "iva": 21,
    "reference_unit": "100 ml",
    "date": "2023-01-17"
  },
  {
    "id": 11148,
    "name": "Comida Seca Perros Bon Menú Mediterran. AFFINITY",
    "description": "Comida Seca Perros Bon Menú Mediterran. 10 Kg",
    "category": "Seco",
    "url": "https://tienda.consum.es/es/p/comida-seca-perros-bon-menu-mediterran/7053002",
    "price": 21.5,
    "reference_price": 2.15,
    "iva": 10,
    "reference_unit": "1 Kg",
    "date": "2023-01-17"
  },
  {
    "id": 11149,
    "name": "Sopa Juliana TREVIJANO",
    "description": "Sopa Juliana 100 Gr",
    "category": "Despensa",
    "url": "https://tienda.consum.es/es/p/sopa-juliana/7053452",
    "price": 2.69,
    "reference_price": 26.9,
    "iva": 0,
    "reference_unit": "1 Kg",
    "date": "2023-01-17"
  },
  {
    "id": 11155,
    "name": "Snack Tira Perros Snack Rodeo PEDIGREE",
    "description": "Snack Tira Perros Snack Rodeo 70 Gr",
    "category": "Snacks",
    "url": "https://tienda.consum.es/es/p/snack-tira-perros-snack-rodeo/7071637",
    "price": 1.79,
    "reference_price": 25.57,
    "iva": 10,
    "reference_unit": "1 Kg",
    "date": "2023-01-17"
  },
  {
    "id": 11156,
    "name": "Snack Dental Perros Dentastix Perro Mediano PEDIGREE",
    "description": "Snack Dental Perros Dentastix Perro Mediano 7 U",
    "category": "Snacks",
    "url": "https://tienda.consum.es/es/p/snack-dental-perros-dentastix-perro-mediano/7071645",
    "price": 3.29,
    "reference_price": 0.47,
    "iva": 10,
    "reference_unit": "1 U",
    "date": "2023-01-17"
  },
  {
    "id": 11161,
    "name": "Vela en Vaso Satinado Frutas del Bosque ROURA",
    "description": "Vela en Vaso Satinado Frutas del Bosque 1 U",
    "category": "Velas",
    "url": "https://tienda.consum.es/es/p/vela-en-vaso-satinado-frutas-del-bosque/7092245",
    "price": 1.95,
    "reference_price": 1.95,
    "iva": 21,
    "reference_unit": "1 U",
    "date": "2023-01-17"
  },
  {
    "id": 11162,
    "name": "Tomate Deshidratado Bandeja TREVIJANO",
    "description": "Tomate Deshidratado Bandeja 70 Gr",
    "category": "Otras verduras",
    "url": "https://tienda.consum.es/es/p/tomate-deshidratado-bandeja/7094550",
    "price": 2.74,
    "reference_price": 39.14,
    "iva": 0,
    "reference_unit": "1 Kg",
    "date": "2023-01-17"
  },
  {
    "id": 11166,
    "name": "Body Milk Smooth Karité Piel Seca NIVEA",
    "description": "Body Milk Smooth Karité Piel Seca 400 ml",
    "category": "Body-lociones",
    "url": "https://tienda.consum.es/es/p/body-milk-smooth-karite-piel-seca/7101041",
    "price": 5.49,
    "reference_price": 1.37,
    "iva": 21,
    "reference_unit": "100 ml",
    "date": "2023-01-17"
  },
  {
    "id": 11167,
    "name": "Barritas con Vitaminas para Periquitos VITAKRAFT",
    "description": "Barritas con Vitaminas para Periquitos 2 U",
    "category": "Comida para otras mascotas",
    "url": "https://tienda.consum.es/es/p/barritas-con-vitaminas-para-periquitos/7104268",
    "price": 1.38,
    "reference_price": 0.69,
    "iva": 10,
    "reference_unit": "1 U",
    "date": "2023-01-17"
  },
  {
    "id": 11168,
    "name": "Comida Menú para Hamsters VITAKRAFT",
    "description": "Comida Menú para Hamsters 400 Gr",
    "category": "Comida para otras mascotas",
    "url": "https://tienda.consum.es/es/p/comida-menu-para-hamsters/7104313",
    "price": 2.25,
    "reference_price": 5.63,
    "iva": 10,
    "reference_unit": "1 Kg",
    "date": "2023-01-17"
  },
  {
    "id": 11169,
    "name": "Comida Menú Peces Tropicales VITAKRAFT",
    "description": "Comida Menú Peces Tropicales 42 Gr",
    "category": "Comida para otras mascotas",
    "url": "https://tienda.consum.es/es/p/comida-menu-peces-tropicales/7104326",
    "price": 3.19,
    "reference_price": 7.6,
    "iva": 10,
    "reference_unit": "100 Gr",
    "date": "2023-01-17"
  },
  {
    "id": 11170,
    "name": "Comida Menú Peces de Agua Fría VITAKRAFT",
    "description": "Comida Menú Peces de Agua Fría 40 Gr",
    "category": "Comida para otras mascotas",
    "url": "https://tienda.consum.es/es/p/comida-menu-peces-de-agua-fria/7104339",
    "price": 3.15,
    "reference_price": 7.88,
    "iva": 10,
    "reference_unit": "100 Gr",
    "date": "2023-01-17"
  },
  {
    "id": 11172,
    "name": "Hierba Gatos VITAKRAFT",
    "description": "Hierba Gatos 120 Gr",
    "category": "Cuidado e higiene",
    "url": "https://tienda.consum.es/es/p/hierba-gatos/7104359",
    "price": 3.65,
    "reference_price": 30.42,
    "iva": 10,
    "reference_unit": "1 Kg",
    "date": "2023-01-17"
  },
  {
    "id": 11173,
    "name": "Comida Seca Gatos Ultima de Pollo ULTIMA",
    "description": "Comida Seca Gatos Ultima de Pollo 1,5 Kg",
    "category": "Seco",
    "url": "https://tienda.consum.es/es/p/comida-seca-gatos-ultima-de-pollo/7105435",
    "price": 9.45,
    "reference_price": 6.3,
    "iva": 10,
    "reference_unit": "1 Kg",
    "date": "2023-01-17"
  },
  {
    "id": 11176,
    "name": "Risotto de Hongos TREVIJANO",
    "description": "Risotto de Hongos 280 Gr",
    "category": "Despensa",
    "url": "https://tienda.consum.es/es/p/risotto-de-hongos/7110658",
    "price": 2.84,
    "reference_price": 10.14,
    "iva": 0,
    "reference_unit": "1 Kg",
    "date": "2023-01-17"
  },
  {
    "id": 11179,
    "name": "Longaniza de Pagés SOLÀ",
    "description": "Longaniza de Pagés 250 Gr",
    "category": "Curado",
    "url": "https://tienda.consum.es/es/p/longaniza-de-pages/7134505",
    "price": 4.25,
    "reference_price": 17,
    "iva": 10,
    "reference_unit": "1 Kg",
    "date": "2023-01-17"
  },
  {
    "id": 11181,
    "name": "Risotto Mediterráneo TREVIJANO",
    "description": "Risotto Mediterráneo 280 Gr",
    "category": "Despensa",
    "url": "https://tienda.consum.es/es/p/risotto-mediterraneo/7135135",
    "price": 2.88,
    "reference_price": 10.29,
    "iva": 0,
    "reference_unit": "1 Kg",
    "date": "2023-01-17"
  },
  {
    "id": 11182,
    "name": "Recetas Caseras Lentejas con Verduritas HERO",
    "description": "Recetas Caseras Lentejas con Verduritas 2 x 190 Gr",
    "category": "Alimentación infantil",
    "url": "https://tienda.consum.es/es/p/recetas-caseras-lentejas-con-verduritas/7144462",
    "price": 2.45,
    "reference_price": 6.45,
    "iva": 10,
    "reference_unit": "1 Kg",
    "date": "2023-01-17"
  },
  {
    "id": 11187,
    "name": "Bracitos Trufa Chocolate DULCESOL",
    "description": "Bracitos Trufa Chocolate 235 Gr",
    "category": "Desayuno, dulces y café",
    "url": "https://tienda.consum.es/es/p/bracitos-trufa-chocolate/7152473",
    "price": 1,
    "reference_price": 7.14,
    "iva": 10,
    "reference_unit": "1 Kg",
    "date": "2023-01-17"
  },
  {
    "id": 11192,
    "name": "Comida Seca Perros Ultima Senior ULTIMA",
    "description": "Comida Seca Perros Ultima Senior 3 Kg",
    "category": "Seco",
    "url": "https://tienda.consum.es/es/p/comida-seca-perros-ultima-senior/7156904",
    "price": 14.5,
    "reference_price": 4.83,
    "iva": 10,
    "reference_unit": "1 Kg",
    "date": "2023-01-17"
  },
  {
    "id": 11194,
    "name": "Champiñón Mini Frasco BONDUELLE",
    "description": "Champiñón Mini Frasco 170 Gr",
    "category": "Setas y champiñones",
    "url": "https://tienda.consum.es/es/p/champinon-mini-frasco/7162576",
    "price": 2.09,
    "reference_price": 12.29,
    "iva": 10,
    "reference_unit": "1 Kg",
    "date": "2023-01-17"
  },
  {
    "id": 11209,
    "name": "Sobrasada Picante ZAGAL",
    "description": "Sobrasada Picante 200 Gr",
    "category": "Sobrasada",
    "url": "https://tienda.consum.es/es/p/sobrasada-picante/7177298",
    "price": 2.25,
    "reference_price": 11.25,
    "iva": 10,
    "reference_unit": "1 Kg",
    "date": "2023-01-17"
  },
  {
    "id": 11210,
    "name": "Ambientador Varitas Brisa Marina AMBIENTAIR",
    "description": "Ambientador Varitas Brisa Marina 1 U",
    "category": "Continuos y decorativos",
    "url": "https://tienda.consum.es/es/p/ambientador-varitas-brisa-marina/7177629",
    "price": 3.25,
    "reference_price": 3.25,
    "iva": 21,
    "reference_unit": "1 U",
    "date": "2023-01-17"
  },
  {
    "id": 11211,
    "name": "Pipeta Repelente Insectos para Perro DIXIE",
    "description": "Pipeta Repelente Insectos para Perro 1 U",
    "category": "Cuidado e higiene",
    "url": "https://tienda.consum.es/es/p/pipeta-repelente-insectos-para-perro/7177785",
    "price": 7.99,
    "reference_price": 7.99,
    "iva": 21,
    "reference_unit": "1 U",
    "date": "2023-01-17"
  },
  {
    "id": 11212,
    "name": "Pipeta Repelente Insectos para Gatos DIXIE",
    "description": "Pipeta Repelente Insectos para Gatos 1 U",
    "category": "Cuidado e higiene",
    "url": "https://tienda.consum.es/es/p/pipeta-repelente-insectos-para-gatos/7177798",
    "price": 7.99,
    "reference_price": 7.99,
    "iva": 21,
    "reference_unit": "1 U",
    "date": "2023-01-17"
  },
  {
    "id": 11215,
    "name": "Crema Vitalift Men Expert L'OREAL",
    "description": "Crema Vitalift Men Expert 50 ml",
    "category": "Masculino",
    "url": "https://tienda.consum.es/es/p/crema-vitalift-men-expert/7185432",
    "price": 8.95,
    "reference_price": 17.9,
    "iva": 21,
    "reference_unit": "100 ml",
    "date": "2023-01-17"
  },
  {
    "id": 11229,
    "name": "Tabla de Surtido Ibérico de Cebo MONTARAZ",
    "description": "Tabla de Surtido Ibérico de Cebo 120 Gr",
    "category": "Otros curados",
    "url": "https://tienda.consum.es/es/p/tabla-de-surtido-iberico-de-cebo/7200207",
    "price": 4.99,
    "reference_price": 41.58,
    "iva": 10,
    "reference_unit": "1 Kg",
    "date": "2023-01-17"
  },
  {
    "id": 11230,
    "name": "Licor Hierbas JÄGERMEISTER",
    "description": "Licor Hierbas 0,7 L",
    "category": "Licores y vermouth",
    "url": "https://tienda.consum.es/es/p/licor-hierbas/7200538",
    "price": 13,
    "reference_price": 18.57,
    "iva": 21,
    "reference_unit": "1 L",
    "date": "2023-01-17"
  },
  {
    "id": 11232,
    "name": "Alga Wakame Deshidratada. Bandeja TREVIJANO",
    "description": "Alga Wakame Deshidratada. Bandeja 50 Gr",
    "category": "Otras verduras",
    "url": "https://tienda.consum.es/es/p/alga-wakame-deshidratada-bandeja/7201754",
    "price": 2.45,
    "reference_price": 49,
    "iva": 0,
    "reference_unit": "1 Kg",
    "date": "2023-01-17"
  },
  {
    "id": 11233,
    "name": "Cous Cous Marroqui TREVIJANO",
    "description": "Cous Cous Marroqui 300 Gr",
    "category": "Despensa",
    "url": "https://tienda.consum.es/es/p/cous-cous-marroqui/7201767",
    "price": 3.2,
    "reference_price": 10.67,
    "iva": 5,
    "reference_unit": "1 Kg",
    "date": "2023-01-17"
  },
  {
    "id": 11234,
    "name": "Taco de Jamón Curado ARGAL",
    "description": "Taco de Jamón Curado",
    "category": "Jamón",
    "url": "https://tienda.consum.es/es/p/taco-de-jamon-curado/7206092",
    "price": 3.86,
    "reference_price": 15.45,
    "iva": 10,
    "reference_unit": "1 Kg",
    "date": "2023-01-17"
  },
  {
    "id": 11236,
    "name": "Comida Semi-Húmeda Mini FROLIC",
    "description": "Comida Semi-Húmeda Mini 1 Kg",
    "category": "Seco",
    "url": "https://tienda.consum.es/es/p/comida-semi-humeda-mini/7207231",
    "price": 5.39,
    "reference_price": 5.39,
    "iva": 10,
    "reference_unit": "1 Kg",
    "date": "2023-01-17"
  },
  {
    "id": 11237,
    "name": "Snacks para Gatos Felix Party Mix Original FELIX",
    "description": "Snacks para Gatos Felix Party Mix Original 60 Gr",
    "category": "Snacks",
    "url": "https://tienda.consum.es/es/p/snacks-para-gatos-felix-party-mix-original/7207574",
    "price": 1.69,
    "reference_price": 28.17,
    "iva": 10,
    "reference_unit": "1 Kg",
    "date": "2023-01-17"
  },
  {
    "id": 11238,
    "name": "Chorizo de Jabugo Pieza CUYAR",
    "description": "Chorizo de Jabugo Pieza 120 Gr",
    "category": "Chorizo",
    "url": "https://tienda.consum.es/es/p/chorizo-de-jabugo-pieza/7207624",
    "price": 1.99,
    "reference_price": 16.58,
    "iva": 10,
    "reference_unit": "1 Kg",
    "date": "2023-01-17"
  },
  {
    "id": 11241,
    "name": "Snack Dental Perros Dentastix Perros Grande PEDIGREE",
    "description": "Snack Dental Perros Dentastix Perros Grande 270 Gr",
    "category": "Snacks",
    "url": "https://tienda.consum.es/es/p/snack-dental-perros-dentastix-perros-grande/7211139",
    "price": 3.85,
    "reference_price": 14.26,
    "iva": 10,
    "reference_unit": "1 Kg",
    "date": "2023-01-17"
  },
  {
    "id": 11242,
    "name": "Snacks Dental Perros Dentastix Multipack PEDIGREE",
    "description": "Snacks Dental Perros Dentastix Multipack 720 Gr",
    "category": "Snacks",
    "url": "https://tienda.consum.es/es/p/snacks-dental-perros-dentastix-multipack/7211162",
    "price": 10.19,
    "reference_price": 14.15,
    "iva": 10,
    "reference_unit": "1 Kg",
    "date": "2023-01-17"
  },
  {
    "id": 11256,
    "name": "Preparado de Tortilla de Patata con Cebolla Frasc MESA LISTA",
    "description": "Preparado de Tortilla de Patata con Cebolla Frasc 340 Gr",
    "category": "Otros vegetales",
    "url": "https://tienda.consum.es/es/p/preparado-de-tortilla-de-patata-con-cebolla-frasc/7217169",
    "price": 1.55,
    "reference_price": 4.56,
    "iva": 10,
    "reference_unit": "1 Kg",
    "date": "2023-01-17"
  },
  {
    "id": 11257,
    "name": "Cous Cous Mediterraneo TREVIJANO",
    "description": "Cous Cous Mediterraneo 300 Gr",
    "category": "Despensa",
    "url": "https://tienda.consum.es/es/p/cous-cous-mediterraneo/7217305",
    "price": 3.2,
    "reference_price": 10.67,
    "iva": 5,
    "reference_unit": "1 Kg",
    "date": "2023-01-17"
  },
  {
    "id": 11261,
    "name": "Jamón Serrano Duroc Lonchas LA HOGUERA",
    "description": "Jamón Serrano Duroc Lonchas 100 Gr",
    "category": "Jamón",
    "url": "https://tienda.consum.es/es/p/jamon-serrano-duroc-lonchas/7226384",
    "price": 2.99,
    "reference_price": 29.9,
    "iva": 10,
    "reference_unit": "1 Kg",
    "date": "2023-01-17"
  },
  {
    "id": 11262,
    "name": "Zanahoria Rallada Frasco BONDUELLE",
    "description": "Zanahoria Rallada Frasco 280 Gr",
    "category": "Otros vegetales",
    "url": "https://tienda.consum.es/es/p/zanahoria-rallada-frasco/7230225",
    "price": 2.19,
    "reference_price": 7.82,
    "iva": 10,
    "reference_unit": "1 Kg",
    "date": "2023-01-17"
  },
  {
    "id": 11264,
    "name": "Vasos Cookies 10 und. 25 Centilitros NV",
    "description": "Vasos Cookies 10 und. 25 Centilitros 1 U",
    "category": "Decoración y fiestas",
    "url": "https://tienda.consum.es/es/p/vasos-cookies-10-und-25-centilitros/7231053",
    "price": 1.59,
    "reference_price": 1.59,
    "iva": 21,
    "reference_unit": "1 U",
    "date": "2023-01-17"
  },
  {
    "id": 11266,
    "name": "Servilletas Globos 33x33 NV",
    "description": "Servilletas Globos 33x33 20 U",
    "category": "Decoración y fiestas",
    "url": "https://tienda.consum.es/es/p/servilletas-globos-33x33/7231079",
    "price": 1.99,
    "reference_price": 0.1,
    "iva": 21,
    "reference_unit": "1 U",
    "date": "2023-01-17"
  },
  {
    "id": 11270,
    "name": "Tarrinas Fruit Collection Pack de 4 x 95Ml. HAAGEN DAZS",
    "description": "Tarrinas Fruit Collection Pack de 4 x 95Ml. 349 Gr",
    "category": "Tarrinas",
    "url": "https://tienda.consum.es/es/p/tarrinas-fruit-collection-pack-de-4-x-95ml/7231728",
    "price": 6.99,
    "reference_price": 20.03,
    "iva": 10,
    "reference_unit": "1 Kg",
    "date": "2023-01-17"
  },
  {
    "id": 11277,
    "name": "Pipeta Fipronil Perro Pequeño DIXIE",
    "description": "Pipeta Fipronil Perro Pequeño 1 U",
    "category": "Cuidado e higiene",
    "url": "https://tienda.consum.es/es/p/pipeta-fipronil-perro-pequeno/7239481",
    "price": 9.99,
    "reference_price": 9.99,
    "iva": 10,
    "reference_unit": "1 U",
    "date": "2023-01-17"
  },
  {
    "id": 11278,
    "name": "Pipeta Fipronil Perro Mediano DIXIE",
    "description": "Pipeta Fipronil Perro Mediano 1 U",
    "category": "Cuidado e higiene",
    "url": "https://tienda.consum.es/es/p/pipeta-fipronil-perro-mediano/7239486",
    "price": 12.5,
    "reference_price": 12.5,
    "iva": 10,
    "reference_unit": "1 U",
    "date": "2023-01-17"
  },
  {
    "id": 11279,
    "name": "Pipeta Fipronil Perro Grande DIXIE",
    "description": "Pipeta Fipronil Perro Grande 1 U",
    "category": "Cuidado e higiene",
    "url": "https://tienda.consum.es/es/p/pipeta-fipronil-perro-grande/7239494",
    "price": 13.9,
    "reference_price": 13.9,
    "iva": 10,
    "reference_unit": "1 U",
    "date": "2023-01-17"
  },
  {
    "id": 11280,
    "name": "Collar Diazinon Perro Antiparasitario DIXIE",
    "description": "Collar Diazinon Perro Antiparasitario 1 U",
    "category": "Accesorios",
    "url": "https://tienda.consum.es/es/p/collar-diazinon-perro-antiparasitario/7239502",
    "price": 4.59,
    "reference_price": 4.59,
    "iva": 10,
    "reference_unit": "1 U",
    "date": "2023-01-17"
  },
  {
    "id": 11281,
    "name": "Collar Diazinon Gato Antiparasitario DIXIE",
    "description": "Collar Diazinon Gato Antiparasitario 1 U",
    "category": "Accesorios",
    "url": "https://tienda.consum.es/es/p/collar-diazinon-gato-antiparasitario/7239507",
    "price": 4.95,
    "reference_price": 4.95,
    "iva": 10,
    "reference_unit": "1 U",
    "date": "2023-01-17"
  },
  {
    "id": 11283,
    "name": "Sofrito de Tomate y Verduras Frasco G.BLANCA",
    "description": "Sofrito de Tomate y Verduras Frasco 350 Gr",
    "category": "Tomate",
    "url": "https://tienda.consum.es/es/p/sofrito-de-tomate-y-verduras-frasco/7240885",
    "price": 1.89,
    "reference_price": 5.4,
    "iva": 10,
    "reference_unit": "1 Kg",
    "date": "2023-01-17"
  },
  {
    "id": 11285,
    "name": "Rovellón Entero Extra Frasco EMPERATRIZ",
    "description": "Rovellón Entero Extra Frasco 180 Gr",
    "category": "Conservas, aceites y condimentos",
    "url": "https://tienda.consum.es/es/p/rovellon-entero-extra-frasco/7241198",
    "price": 3.79,
    "reference_price": 21.06,
    "iva": 10,
    "reference_unit": "1 Kg",
    "date": "2023-01-17"
  },
  {
    "id": 11286,
    "name": "Rovellón Trozos Frasco EMPERATRIZ",
    "description": "Rovellón Trozos Frasco 180 Gr",
    "category": "Conservas, aceites y condimentos",
    "url": "https://tienda.consum.es/es/p/rovellon-trozos-frasco/7241201",
    "price": 2.49,
    "reference_price": 13.83,
    "iva": 10,
    "reference_unit": "1 Kg",
    "date": "2023-01-17"
  },
  {
    "id": 11293,
    "name": "Picatostes Natural RECONDO",
    "description": "Picatostes Natural 80 Gr",
    "category": "Rosquilletas, picos y snacks",
    "url": "https://tienda.consum.es/es/p/picatostes-natural/7245223",
    "price": 1.45,
    "reference_price": 18.13,
    "iva": 10,
    "reference_unit": "1 Kg",
    "date": "2023-01-17"
  },
  {
    "id": 11296,
    "name": "Cargador Máquina 5H GT5 NEXTGEN",
    "description": "Cargador Máquina 5H GT5 4 U",
    "category": "Recambios hojas afeitar",
    "url": "https://tienda.consum.es/es/p/cargador-maquina-5h-gt5/7245798",
    "price": 4.99,
    "reference_price": 1.25,
    "iva": 21,
    "reference_unit": "1 U",
    "date": "2023-01-17"
  },
  {
    "id": 11297,
    "name": "Solución Única Fto Viaje para Lentes C.Blandas SENTI-2",
    "description": "Solución Única Fto Viaje para Lentes C.Blandas 60 ml",
    "category": "Otros",
    "url": "https://tienda.consum.es/es/p/solucion-unica-fto-viaje-para-lentes-cblandas/7246473",
    "price": 2.65,
    "reference_price": 4.42,
    "iva": 10,
    "reference_unit": "100 ml",
    "date": "2023-01-17"
  },
  {
    "id": 11299,
    "name": "Enjuague Bucal Cuidado Total LISTERINE",
    "description": "Enjuague Bucal Cuidado Total 95 ml",
    "category": "Higiene bucal",
    "url": "https://tienda.consum.es/es/p/enjuague-bucal-cuidado-total/7248466",
    "price": 1.75,
    "reference_price": 1.84,
    "iva": 21,
    "reference_unit": "100 ml",
    "date": "2023-01-17"
  },
  {
    "id": 11301,
    "name": "Cuchilla Universal Doble Hoja NEXTGEN",
    "description": "Cuchilla Universal Doble Hoja 10 U",
    "category": "Recambios hojas afeitar",
    "url": "https://tienda.consum.es/es/p/cuchilla-universal-doble-hoja/7249345",
    "price": 2.25,
    "reference_price": 0.23,
    "iva": 21,
    "reference_unit": "1 U",
    "date": "2023-01-17"
  },
  {
    "id": 11313,
    "name": "Champú Anticaspa Mentol KYREY",
    "description": "Champú Anticaspa Mentol 400 ml",
    "category": "Champú",
    "url": "https://tienda.consum.es/es/p/champu-anticaspa-mentol/7252120",
    "price": 1.75,
    "reference_price": 0.44,
    "iva": 21,
    "reference_unit": "100 ml",
    "date": "2023-01-17"
  },
  {
    "id": 11320,
    "name": "Sopa de Quinoa Deshidratada Bandeja TREVIJANO",
    "description": "Sopa de Quinoa Deshidratada Bandeja 200 Gr",
    "category": "Despensa",
    "url": "https://tienda.consum.es/es/p/sopa-de-quinoa-deshidratada-bandeja/7255586",
    "price": 3.16,
    "reference_price": 15.8,
    "iva": 0,
    "reference_unit": "1 Kg",
    "date": "2023-01-17"
  },
  {
    "id": 11323,
    "name": "Friegasuelos Floral CONSUM",
    "description": "Friegasuelos Floral 1 L",
    "category": "Fregasuelos",
    "url": "https://tienda.consum.es/es/p/friegasuelos-floral/7256907",
    "price": 1.7,
    "reference_price": 1.7,
    "iva": 21,
    "reference_unit": "1 L",
    "date": "2023-01-17"
  },
  {
    "id": 11324,
    "name": "Jamón Cebo 50% Raza Ibérica ELPOZO",
    "description": "Jamón Cebo 50% Raza Ibérica 60 Gr",
    "category": "Ibéricos",
    "url": "https://tienda.consum.es/es/p/jamon-cebo-50-raza-iberica/7257249",
    "price": 3.79,
    "reference_price": 63.17,
    "iva": 10,
    "reference_unit": "1 Kg",
    "date": "2023-01-17"
  },
  {
    "id": 11325,
    "name": "Guante Satinado Sensible Látex T-Media CONSUM",
    "description": "Guante Satinado Sensible Látex T-Media 1 U",
    "category": "Guantes domésticos",
    "url": "https://tienda.consum.es/es/p/guante-satinado-sensible-latex-t-media/7258754",
    "price": 0.7,
    "reference_price": 0.7,
    "iva": 21,
    "reference_unit": "1 U",
    "date": "2023-01-17"
  },
  {
    "id": 11331,
    "name": "Cargador Hydro 5 Skin Protection Regular WILKINSON",
    "description": "Cargador Hydro 5 Skin Protection Regular 4 U",
    "category": "Recambios hojas afeitar",
    "url": "https://tienda.consum.es/es/p/cargador-hydro-5-skin-protection-regular/7260482",
    "price": 12.5,
    "reference_price": 3.13,
    "iva": 21,
    "reference_unit": "1 U",
    "date": "2023-01-17"
  },
  {
    "id": 11334,
    "name": "Comida Seca Perros Ultima Mini Cordero ULTIMA",
    "description": "Comida Seca Perros Ultima Mini Cordero 1,25 Kg",
    "category": "Seco",
    "url": "https://tienda.consum.es/es/p/comida-seca-perros-ultima-mini-cordero/7261100",
    "price": 9.95,
    "reference_price": 7.96,
    "iva": 10,
    "reference_unit": "1 Kg",
    "date": "2023-01-17"
  },
  {
    "id": 11335,
    "name": "Comida Seca Perros de Pollo & Arroz ULTIMA",
    "description": "Comida Seca Perros de Pollo & Arroz 7,5 Kg",
    "category": "Seco",
    "url": "https://tienda.consum.es/es/p/comida-seca-perros-de-pollo-arroz/7261134",
    "price": 31.95,
    "reference_price": 4.26,
    "iva": 10,
    "reference_unit": "1 Kg",
    "date": "2023-01-17"
  },
  {
    "id": 11336,
    "name": "Comida Seca Perros Mini Light ULTIMA",
    "description": "Comida Seca Perros Mini Light 1,5 Kg",
    "category": "Seco",
    "url": "https://tienda.consum.es/es/p/comida-seca-perros-mini-light/7261233",
    "price": 8.95,
    "reference_price": 5.97,
    "iva": 10,
    "reference_unit": "1 Kg",
    "date": "2023-01-17"
  },
  {
    "id": 11337,
    "name": "Comida Seca Perro Dog Light ULTIMA",
    "description": "Comida Seca Perro Dog Light 3 Kg",
    "category": "Seco",
    "url": "https://tienda.consum.es/es/p/comida-seca-perro-dog-light/7261238",
    "price": 14.5,
    "reference_price": 4.83,
    "iva": 10,
    "reference_unit": "1 Kg",
    "date": "2023-01-17"
  },
  {
    "id": 11339,
    "name": "Comida Seca Gatos Esterilizados Buey ULTIMA",
    "description": "Comida Seca Gatos Esterilizados Buey 800 Gr",
    "category": "Seco",
    "url": "https://tienda.consum.es/es/p/comida-seca-gatos-esterilizados-buey/7261253",
    "price": 5.45,
    "reference_price": 6.81,
    "iva": 10,
    "reference_unit": "1 Kg",
    "date": "2023-01-17"
  },
  {
    "id": 11348,
    "name": "Pipeta Permetrin Perro Pequeño DIXIE",
    "description": "Pipeta Permetrin Perro Pequeño 1 U",
    "category": "Cuidado e higiene",
    "url": "https://tienda.consum.es/es/p/pipeta-permetrin-perro-pequeno/7263549",
    "price": 12.9,
    "reference_price": 12.9,
    "iva": 10,
    "reference_unit": "1 U",
    "date": "2023-01-17"
  },
  {
    "id": 11349,
    "name": "Pipetas Permetrin Perro Grande DIXIE",
    "description": "Pipetas Permetrin Perro Grande 1 U",
    "category": "Cuidado e higiene",
    "url": "https://tienda.consum.es/es/p/pipetas-permetrin-perro-grande/7263551",
    "price": 13.9,
    "reference_price": 13.9,
    "iva": 10,
    "reference_unit": "1 U",
    "date": "2023-01-17"
  },
  {
    "id": 11353,
    "name": "Crema en Gel Men Piel Sensible VEET",
    "description": "Crema en Gel Men Piel Sensible 200 ml",
    "category": "Crema, gel y spray",
    "url": "https://tienda.consum.es/es/p/crema-en-gel-men-piel-sensible/7264047",
    "price": 4.99,
    "reference_price": 2.5,
    "iva": 21,
    "reference_unit": "100 ml",
    "date": "2023-01-17"
  },
  {
    "id": 11355,
    "name": "Taco de Lomo Cabecero LA HOGUERA",
    "description": "Taco de Lomo Cabecero",
    "category": "Ibéricos",
    "url": "https://tienda.consum.es/es/p/taco-de-lomo-cabecero/7264778",
    "price": 5.5,
    "reference_price": 16.5,
    "iva": 10,
    "reference_unit": "1 Kg",
    "date": "2023-01-17"
  },
  {
    "id": 11363,
    "name": "Chorizo de Jabalí SIERRA NOBLE",
    "description": "Chorizo de Jabalí 200 Gr",
    "category": "Curado",
    "url": "https://tienda.consum.es/es/p/chorizo-de-jabali/7264864",
    "price": 3.19,
    "reference_price": 15.95,
    "iva": 10,
    "reference_unit": "1 Kg",
    "date": "2023-01-17"
  },
  {
    "id": 11364,
    "name": "Salchichón de Ciervo SIERRA NOBLE",
    "description": "Salchichón de Ciervo 200 Gr",
    "category": "Curado",
    "url": "https://tienda.consum.es/es/p/salchichon-de-ciervo/7264869",
    "price": 3.19,
    "reference_price": 15.95,
    "iva": 10,
    "reference_unit": "1 Kg",
    "date": "2023-01-17"
  },
  {
    "id": 11366,
    "name": "Comida Seca Perro Buey y Verduras Dog Menú DOG MENU",
    "description": "Comida Seca Perro Buey y Verduras Dog Menú 3 Kg",
    "category": "Seco",
    "url": "https://tienda.consum.es/es/p/comida-seca-perro-buey-y-verduras-dog-menu/7265002",
    "price": 6.89,
    "reference_price": 2.3,
    "iva": 10,
    "reference_unit": "1 Kg",
    "date": "2023-01-17"
  },
  {
    "id": 11369,
    "name": "Aceite Oliva Virgen Extra Botella CONSUM",
    "description": "Aceite Oliva Virgen Extra Botella 1 L",
    "category": "Aceite de oliva virgen y virgen extra",
    "url": "https://tienda.consum.es/es/p/aceite-oliva-virgen-extra-botella/7265705",
    "price": 5.63,
    "reference_price": 5.63,
    "iva": 5,
    "reference_unit": "1 L",
    "date": "2023-01-17"
  },
  {
    "id": 11396,
    "name": "Limpiacristales LUMINIA",
    "description": "Limpiacristales 0,75 L",
    "category": "Limpieza hogar",
    "url": "https://tienda.consum.es/es/p/limpiacristales/7269686",
    "price": 2.59,
    "reference_price": 3.45,
    "iva": 21,
    "reference_unit": "1 L",
    "date": "2023-01-17"
  },
  {
    "id": 11402,
    "name": "Mousse Depilación Mujer LEA",
    "description": "Mousse Depilación Mujer 100 ml",
    "category": "Crema, gel y spray",
    "url": "https://tienda.consum.es/es/p/mousse-depilacion-mujer/7271885",
    "price": 1.59,
    "reference_price": 1.59,
    "iva": 21,
    "reference_unit": "100 ml",
    "date": "2023-01-17"
  },
  {
    "id": 11412,
    "name": "Velón Serigrafiado Momentos ROURA",
    "description": "Velón Serigrafiado Momentos 1 U",
    "category": "Velas",
    "url": "https://tienda.consum.es/es/p/velon-serigrafiado-momentos/7272300",
    "price": 1.29,
    "reference_price": 1.29,
    "iva": 21,
    "reference_unit": "1 U",
    "date": "2023-01-17"
  },
  {
    "id": 11415,
    "name": "Picos Gourmet ",
    "description": "Picos Gourmet 140 Gr",
    "category": "Rosquilletas, picos y snacks",
    "url": "https://tienda.consum.es/es/p/picos-gourmet/7272644",
    "price": 1.89,
    "reference_price": 13.5,
    "iva": 10,
    "reference_unit": "1 Kg",
    "date": "2023-01-17"
  },
  {
    "id": 11425,
    "name": "Limpia Máquinas Lavavajillas SOMAT",
    "description": "Limpia Máquinas Lavavajillas 3 U",
    "category": "Aditivos y limpiamáquinas",
    "url": "https://tienda.consum.es/es/p/limpia-maquinas-lavavajillas/7273167",
    "price": 3.69,
    "reference_price": 1.23,
    "iva": 21,
    "reference_unit": "1 U",
    "date": "2023-01-17"
  },
  {
    "id": 11432,
    "name": "Leche Infantil Lactante 1 Polvo HERO",
    "description": "Leche Infantil Lactante 1 Polvo 800 Gr",
    "category": "Leches infantiles",
    "url": "https://tienda.consum.es/es/p/leche-infantil-lactante-1-polvo/295758",
    "price": 8.85,
    "reference_price": 11.06,
    "iva": 10,
    "reference_unit": "1 Kg",
    "date": "2023-01-17"
  },
  {
    "id": 11433,
    "name": "Leche Continuación 2 Polvo HERO",
    "description": "Leche Continuación 2 Polvo 800 Gr",
    "category": "Leches infantiles",
    "url": "https://tienda.consum.es/es/p/leche-continuacion-2-polvo/295774",
    "price": 8.45,
    "reference_price": 10.56,
    "iva": 10,
    "reference_unit": "1 Kg",
    "date": "2023-01-17"
  },
  {
    "id": 11434,
    "name": "Vodka ERISTOFF",
    "description": "Vodka 0,7 L",
    "category": "Licores y vermouth",
    "url": "https://tienda.consum.es/es/p/vodka/313411",
    "price": 9.99,
    "reference_price": 14.27,
    "iva": 21,
    "reference_unit": "1 L",
    "date": "2023-01-17"
  },
  {
    "id": 11436,
    "name": "Brandy 5 Años TORRES",
    "description": "Brandy 5 Años 0,7 L",
    "category": "Licores y vermouth",
    "url": "https://tienda.consum.es/es/p/brandy-5-anos/315085",
    "price": 10.5,
    "reference_price": 15,
    "iva": 21,
    "reference_unit": "1 L",
    "date": "2023-01-17"
  },
  {
    "id": 11438,
    "name": "Bebida Espirituosa SOBERANO",
    "description": "Bebida Espirituosa 1 L",
    "category": "Licores y vermouth",
    "url": "https://tienda.consum.es/es/p/bebida-espirituosa/315168",
    "price": 8.99,
    "reference_price": 8.99,
    "iva": 21,
    "reference_unit": "1 L",
    "date": "2023-01-17"
  },
  {
    "id": 11439,
    "name": "Brandy Reserva CARLOS I",
    "description": "Brandy Reserva 0,7 L",
    "category": "Licores y vermouth",
    "url": "https://tienda.consum.es/es/p/brandy-reserva/315283",
    "price": 25.5,
    "reference_price": 36.43,
    "iva": 21,
    "reference_unit": "1 L",
    "date": "2023-01-17"
  },
  {
    "id": 11440,
    "name": "Brandy MAGNO",
    "description": "Brandy 0,7 L",
    "category": "Licores y vermouth",
    "url": "https://tienda.consum.es/es/p/brandy/315341",
    "price": 11.75,
    "reference_price": 16.79,
    "iva": 21,
    "reference_unit": "1 L",
    "date": "2023-01-17"
  },
  {
    "id": 11441,
    "name": "Whisky Regal Scotch Premiun 12 Años CHIVAS",
    "description": "Whisky Regal Scotch Premiun 12 Años 0,7 L",
    "category": "Licores y vermouth",
    "url": "https://tienda.consum.es/es/p/whisky-regal-scotch-premiun-12-anos/315515",
    "price": 24.99,
    "reference_price": 35.7,
    "iva": 21,
    "reference_unit": "1 L",
    "date": "2023-01-17"
  },
  {
    "id": 11442,
    "name": "Whisky Nacional DYC",
    "description": "Whisky Nacional 0,7 L",
    "category": "Licores y vermouth",
    "url": "https://tienda.consum.es/es/p/whisky-nacional/315523",
    "price": 9.99,
    "reference_price": 14.27,
    "iva": 21,
    "reference_unit": "1 L",
    "date": "2023-01-17"
  },
  {
    "id": 11443,
    "name": "Whisky Scocth Black. 12 Años J.WALKER",
    "description": "Whisky Scocth Black. 12 Años 0,7 L",
    "category": "Licores y vermouth",
    "url": "https://tienda.consum.es/es/p/whisky-scocth-black-12-anos/315614",
    "price": 29,
    "reference_price": 41.43,
    "iva": 21,
    "reference_unit": "1 L",
    "date": "2023-01-17"
  },
  {
    "id": 11445,
    "name": "Whisky Scotch WHITE LABEL",
    "description": "Whisky Scotch 0,7 L",
    "category": "Licores y vermouth",
    "url": "https://tienda.consum.es/es/p/whisky-scotch/315663",
    "price": 12.99,
    "reference_price": 18.56,
    "iva": 21,
    "reference_unit": "1 L",
    "date": "2023-01-17"
  },
  {
    "id": 11446,
    "name": "Pacharán ZOCO",
    "description": "Pacharán 1 L",
    "category": "Licores y vermouth",
    "url": "https://tienda.consum.es/es/p/pacharan/317230",
    "price": 10.65,
    "reference_price": 10.65,
    "iva": 21,
    "reference_unit": "1 L",
    "date": "2023-01-17"
  },
  {
    "id": 11447,
    "name": "Licor Cointreau COINTREAU",
    "description": "Licor Cointreau 0,7 L",
    "category": "Licores y vermouth",
    "url": "https://tienda.consum.es/es/p/licor-cointreau/317354",
    "price": 16.2,
    "reference_price": 23.14,
    "iva": 21,
    "reference_unit": "1 L",
    "date": "2023-01-17"
  },
  {
    "id": 11448,
    "name": "Licor 43 43",
    "description": "Licor 43 0,7 L",
    "category": "Licores y vermouth",
    "url": "https://tienda.consum.es/es/p/licor-43/317388",
    "price": 14,
    "reference_price": 20,
    "iva": 21,
    "reference_unit": "1 L",
    "date": "2023-01-17"
  },
  {
    "id": 11449,
    "name": "Licor Menta Verde Peppermint M.BRIZARD",
    "description": "Licor Menta Verde Peppermint 0,7 L",
    "category": "Licores y vermouth",
    "url": "https://tienda.consum.es/es/p/licor-menta-verde-peppermint/317909",
    "price": 9.49,
    "reference_price": 13.56,
    "iva": 21,
    "reference_unit": "1 L",
    "date": "2023-01-17"
  },
  {
    "id": 11450,
    "name": "Brandy Reserva C.MENDOZA",
    "description": "Brandy Reserva 0,7 L",
    "category": "Licores y vermouth",
    "url": "https://tienda.consum.es/es/p/brandy-reserva/324780",
    "price": 24.35,
    "reference_price": 34.79,
    "iva": 21,
    "reference_unit": "1 L",
    "date": "2023-01-17"
  },
  {
    "id": 11452,
    "name": "Confitura Albaricoque HERO",
    "description": "Confitura Albaricoque 330 Gr",
    "category": "Mermeladas y confituras",
    "url": "https://tienda.consum.es/es/p/confitura-albaricoque/330019",
    "price": 1.95,
    "reference_price": 5.91,
    "iva": 10,
    "reference_unit": "1 Kg",
    "date": "2023-01-17"
  },
  {
    "id": 11453,
    "name": "Confitura Ciruela HERO",
    "description": "Confitura Ciruela 330 Gr",
    "category": "Mermeladas y confituras",
    "url": "https://tienda.consum.es/es/p/confitura-ciruela/330035",
    "price": 1.95,
    "reference_price": 5.91,
    "iva": 10,
    "reference_unit": "1 Kg",
    "date": "2023-01-17"
  },
  {
    "id": 11456,
    "name": "Cocktail Whisky Peche YATCHING",
    "description": "Cocktail Whisky Peche 0,7 L",
    "category": "Licores y vermouth",
    "url": "https://tienda.consum.es/es/p/cocktail-whisky-peche/333245",
    "price": 7.45,
    "reference_price": 10.64,
    "iva": 21,
    "reference_unit": "1 L",
    "date": "2023-01-17"
  },
  {
    "id": 11460,
    "name": "Whisky Malta 12 Años CARDHU",
    "description": "Whisky Malta 12 Años 0,7 L",
    "category": "Licores y vermouth",
    "url": "https://tienda.consum.es/es/p/whisky-malta-12-anos/373126",
    "price": 27,
    "reference_price": 38.57,
    "iva": 21,
    "reference_unit": "1 L",
    "date": "2023-01-17"
  },
  {
    "id": 11461,
    "name": "Whisky Tennessee JACK DANIELS",
    "description": "Whisky Tennessee 0,7 L",
    "category": "Licores y vermouth",
    "url": "https://tienda.consum.es/es/p/whisky-tennessee/384073",
    "price": 21.49,
    "reference_price": 30.7,
    "iva": 21,
    "reference_unit": "1 L",
    "date": "2023-01-17"
  },
  {
    "id": 11462,
    "name": "Ron Añejo Dominicano BRUGAL",
    "description": "Ron Añejo Dominicano 0,7 L",
    "category": "Licores y vermouth",
    "url": "https://tienda.consum.es/es/p/ron-anejo-dominicano/429449",
    "price": 14.1,
    "reference_price": 20.14,
    "iva": 21,
    "reference_unit": "1 L",
    "date": "2023-01-17"
  },
  {
    "id": 11463,
    "name": "Ron Venezolano CACIQUE",
    "description": "Ron Venezolano 0,7 L",
    "category": "Licores y vermouth",
    "url": "https://tienda.consum.es/es/p/ron-venezolano/506279",
    "price": 12,
    "reference_price": 17.14,
    "iva": 21,
    "reference_unit": "1 L",
    "date": "2023-01-17"
  },
  {
    "id": 11464,
    "name": "Licor de Crema Catalana MELODY",
    "description": "Licor de Crema Catalana 0,7 L",
    "category": "Licores y vermouth",
    "url": "https://tienda.consum.es/es/p/licor-de-crema-catalana/684936",
    "price": 8.45,
    "reference_price": 12.07,
    "iva": 21,
    "reference_unit": "1 L",
    "date": "2023-01-17"
  },
  {
    "id": 11465,
    "name": "Ron Dominicano BARCELÓ",
    "description": "Ron Dominicano 0,7 L",
    "category": "Licores y vermouth",
    "url": "https://tienda.consum.es/es/p/ron-dominicano/817064",
    "price": 14.3,
    "reference_price": 20.43,
    "iva": 21,
    "reference_unit": "1 L",
    "date": "2023-01-17"
  },
  {
    "id": 11466,
    "name": "Gula Norte al Ajillo AGUINAGA",
    "description": "Gula Norte al Ajillo 110 Gr",
    "category": "Frescos",
    "url": "https://tienda.consum.es/es/p/gula-norte-al-ajillo/837005",
    "price": 3.19,
    "reference_price": 29,
    "iva": 10,
    "reference_unit": "1 Kg",
    "date": "2023-01-17"
  },
  {
    "id": 11467,
    "name": "Aperitivo Licor de Café CEROL",
    "description": "Aperitivo Licor de Café 1 L",
    "category": "Licores y vermouth",
    "url": "https://tienda.consum.es/es/p/aperitivo-licor-de-cafe/843771",
    "price": 5.55,
    "reference_price": 5.55,
    "iva": 21,
    "reference_unit": "1 L",
    "date": "2023-01-17"
  },
  {
    "id": 11468,
    "name": "Ron Caribeño MALIBU",
    "description": "Ron Caribeño 0,7 L",
    "category": "Licores y vermouth",
    "url": "https://tienda.consum.es/es/p/ron-caribeno/861583",
    "price": 10.6,
    "reference_price": 15.14,
    "iva": 21,
    "reference_unit": "1 L",
    "date": "2023-01-17"
  },
  {
    "id": 11470,
    "name": "Leche Continuación 2 Polvo NATIVA",
    "description": "Leche Continuación 2 Polvo 800 Gr",
    "category": "Leches infantiles",
    "url": "https://tienda.consum.es/es/p/leche-continuacion-2-polvo/874206",
    "price": 7.75,
    "reference_price": 9.69,
    "iva": 10,
    "reference_unit": "1 Kg",
    "date": "2023-01-17"
  },
  {
    "id": 11471,
    "name": "Leche Continuación 2 Premium Polvo NIDINA",
    "description": "Leche Continuación 2 Premium Polvo 800 Gr",
    "category": "Leches infantiles",
    "url": "https://tienda.consum.es/es/p/leche-continuacion-2-premium-polvo/874222",
    "price": 14.95,
    "reference_price": 18.69,
    "iva": 10,
    "reference_unit": "1 Kg",
    "date": "2023-01-17"
  },
  {
    "id": 11472,
    "name": "Bandeja de Capellanes Secos y Salados ANGOMAR",
    "description": "Bandeja de Capellanes Secos y Salados 225 Gr",
    "category": "Surimis y salazones",
    "url": "https://tienda.consum.es/es/p/bandeja-de-capellanes-secos-y-salados/929174",
    "price": 3.52,
    "reference_price": 15.64,
    "iva": 10,
    "reference_unit": "1 Kg",
    "date": "2023-01-17"
  },
  {
    "id": 11475,
    "name": "Licor Almendra Amaretto DISARONNO",
    "description": "Licor Almendra Amaretto 0,7 L",
    "category": "Licores y vermouth",
    "url": "https://tienda.consum.es/es/p/licor-almendra-amaretto/963934",
    "price": 16.9,
    "reference_price": 24.14,
    "iva": 21,
    "reference_unit": "1 L",
    "date": "2023-01-17"
  },
  {
    "id": 11476,
    "name": "Crema de Membrillo EL QUIJOTE",
    "description": "Crema de Membrillo 400 Gr",
    "category": "Membrillos y compotas",
    "url": "https://tienda.consum.es/es/p/crema-de-membrillo/970673",
    "price": 2.55,
    "reference_price": 6.38,
    "iva": 10,
    "reference_unit": "1 Kg",
    "date": "2023-01-17"
  },
  {
    "id": 11477,
    "name": "Vodka ABSOLUT",
    "description": "Vodka 0,7 L",
    "category": "Licores y vermouth",
    "url": "https://tienda.consum.es/es/p/vodka/976456",
    "price": 13.85,
    "reference_price": 19.79,
    "iva": 21,
    "reference_unit": "1 L",
    "date": "2023-01-17"
  },
  {
    "id": 11479,
    "name": "Whisky Irlandés JAMESON",
    "description": "Whisky Irlandés 0,7 L",
    "category": "Licores y vermouth",
    "url": "https://tienda.consum.es/es/p/whisky-irlandes/1509207",
    "price": 18.3,
    "reference_price": 26.14,
    "iva": 21,
    "reference_unit": "1 L",
    "date": "2023-01-17"
  },
  {
    "id": 11480,
    "name": "Tequila Especial Oro JOSE CUERVO",
    "description": "Tequila Especial Oro 0,7 L",
    "category": "Licores y vermouth",
    "url": "https://tienda.consum.es/es/p/tequila-especial-oro/1509900",
    "price": 15.95,
    "reference_price": 22.79,
    "iva": 21,
    "reference_unit": "1 L",
    "date": "2023-01-17"
  },
  {
    "id": 11481,
    "name": "Ginebra BOMBAY SAPPH",
    "description": "Ginebra 0,7 L",
    "category": "Licores y vermouth",
    "url": "https://tienda.consum.es/es/p/ginebra/1522804",
    "price": 19.95,
    "reference_price": 28.5,
    "iva": 21,
    "reference_unit": "1 L",
    "date": "2023-01-17"
  },
  {
    "id": 11487,
    "name": "Anis Seco TENIS",
    "description": "Anis Seco 1 L",
    "category": "Licores y vermouth",
    "url": "https://tienda.consum.es/es/p/anis-seco/4284535",
    "price": 11.8,
    "reference_price": 11.8,
    "iva": 21,
    "reference_unit": "1 L",
    "date": "2023-01-17"
  },
  {
    "id": 11492,
    "name": "Anis Dulce FERRI",
    "description": "Anis Dulce 1 L",
    "category": "Licores y vermouth",
    "url": "https://tienda.consum.es/es/p/anis-dulce/7002801",
    "price": 6.99,
    "reference_price": 6.99,
    "iva": 21,
    "reference_unit": "1 L",
    "date": "2023-01-17"
  },
  {
    "id": 11493,
    "name": "Aperitivo de Anís RICARD",
    "description": "Aperitivo de Anís 0,7 L",
    "category": "Licores y vermouth",
    "url": "https://tienda.consum.es/es/p/aperitivo-de-anis/7004018",
    "price": 10.75,
    "reference_price": 15.36,
    "iva": 21,
    "reference_unit": "1 L",
    "date": "2023-01-17"
  },
  {
    "id": 11494,
    "name": "Dulce de Frutas EL QUIJOTE",
    "description": "Dulce de Frutas 400 Gr",
    "category": "Membrillos y compotas",
    "url": "https://tienda.consum.es/es/p/dulce-de-frutas/7016090",
    "price": 2.39,
    "reference_price": 5.98,
    "iva": 10,
    "reference_unit": "1 Kg",
    "date": "2023-01-17"
  },
  {
    "id": 11496,
    "name": "Tinta de Sepia NORTINDAL",
    "description": "Tinta de Sepia 32 Gr",
    "category": "Charcutería",
    "url": "https://tienda.consum.es/es/p/tinta-de-sepia/7017684",
    "price": 1.65,
    "reference_price": 5.16,
    "iva": 10,
    "reference_unit": "100 Gr",
    "date": "2023-01-17"
  },
  {
    "id": 11498,
    "name": "Miel Eucalipto Dosificador CONSUM",
    "description": "Miel Eucalipto Dosificador 350 Gr",
    "category": "Miel",
    "url": "https://tienda.consum.es/es/p/miel-eucalipto-dosificador/7028264",
    "price": 3.1,
    "reference_price": 8.86,
    "iva": 10,
    "reference_unit": "1 Kg",
    "date": "2023-01-17"
  },
  {
    "id": 11499,
    "name": "Leche Crecimiento 3 Polvo HERO",
    "description": "Leche Crecimiento 3 Polvo 800 Gr",
    "category": "Leches infantiles",
    "url": "https://tienda.consum.es/es/p/leche-crecimiento-3-polvo/7048577",
    "price": 8.95,
    "reference_price": 11.19,
    "iva": 10,
    "reference_unit": "1 Kg",
    "date": "2023-01-17"
  },
  {
    "id": 11504,
    "name": "Edulcorante en Polvo CONSUM",
    "description": "Edulcorante en Polvo 75 Gr",
    "category": "Edulcorantes",
    "url": "https://tienda.consum.es/es/p/edulcorante-en-polvo/7069537",
    "price": 1.35,
    "reference_price": 18,
    "iva": 10,
    "reference_unit": "1 Kg",
    "date": "2023-01-17"
  },
  {
    "id": 11507,
    "name": "Crema Orujo RUAVIEJA",
    "description": "Crema Orujo 0,7 L",
    "category": "Licores y vermouth",
    "url": "https://tienda.consum.es/es/p/crema-orujo/7077456",
    "price": 11.9,
    "reference_price": 17,
    "iva": 21,
    "reference_unit": "1 L",
    "date": "2023-01-17"
  },
  {
    "id": 11508,
    "name": "Cerezas Rojas Almíbar Frasco HELIOS",
    "description": "Cerezas Rojas Almíbar Frasco 90 Gr",
    "category": "Frutas en almíbar y en su jugo",
    "url": "https://tienda.consum.es/es/p/cerezas-rojas-almibar-frasco/7081680",
    "price": 1.95,
    "reference_price": 21.67,
    "iva": 10,
    "reference_unit": "1 Kg",
    "date": "2023-01-17"
  },
  {
    "id": 11509,
    "name": "Leche y Cereales con Galleta Pack 2 NESTLE",
    "description": "Leche y Cereales con Galleta Pack 2 2 x 250 ml",
    "category": "Alimentación infantil",
    "url": "https://tienda.consum.es/es/p/leche-y-cereales-con-galleta-pack-2/7082451",
    "price": 2.2,
    "reference_price": 4.4,
    "iva": 10,
    "reference_unit": "1 L",
    "date": "2023-01-17"
  },
  {
    "id": 11511,
    "name": "Brandy Solera Reserva ALFONSO I",
    "description": "Brandy Solera Reserva 0,7 L",
    "category": "Licores y vermouth",
    "url": "https://tienda.consum.es/es/p/brandy-solera-reserva/7082498",
    "price": 5.9,
    "reference_price": 8.43,
    "iva": 21,
    "reference_unit": "1 L",
    "date": "2023-01-17"
  },
  {
    "id": 11512,
    "name": "Licor de Ponche WILLIAMS",
    "description": "Licor de Ponche 1 L",
    "category": "Licores y vermouth",
    "url": "https://tienda.consum.es/es/p/licor-de-ponche/7082501",
    "price": 8,
    "reference_price": 8,
    "iva": 21,
    "reference_unit": "1 L",
    "date": "2023-01-17"
  },
  {
    "id": 11515,
    "name": "Licor de Melocotón GINERS",
    "description": "Licor de Melocotón 0,7 L",
    "category": "Licores y vermouth",
    "url": "https://tienda.consum.es/es/p/licor-de-melocoton/7088537",
    "price": 3.49,
    "reference_price": 4.99,
    "iva": 21,
    "reference_unit": "1 L",
    "date": "2023-01-17"
  },
  {
    "id": 11518,
    "name": "Whisky Bourbon Americano JIM BEAN",
    "description": "Whisky Bourbon Americano 0,7 L",
    "category": "Licores y vermouth",
    "url": "https://tienda.consum.es/es/p/whisky-bourbon-americano/7094233",
    "price": 13,
    "reference_price": 18.57,
    "iva": 21,
    "reference_unit": "1 L",
    "date": "2023-01-17"
  },
  {
    "id": 11522,
    "name": "Compota Pera y Manzana sin Frío Pack de 2 ANELA",
    "description": "Compota Pera y Manzana sin Frío Pack de 2 2 x 100 Gr",
    "category": "Membrillos y compotas",
    "url": "https://tienda.consum.es/es/p/compota-pera-y-manzana-sin-frio-pack-de-2/7102957",
    "price": 1.35,
    "reference_price": 6.75,
    "iva": 10,
    "reference_unit": "1 Kg",
    "date": "2023-01-17"
  },
  {
    "id": 11524,
    "name": "Licor Limoncello VILLA MASSA",
    "description": "Licor Limoncello 0,7 L",
    "category": "Licores y vermouth",
    "url": "https://tienda.consum.es/es/p/licor-limoncello/7103047",
    "price": 14.49,
    "reference_price": 20.7,
    "iva": 21,
    "reference_unit": "1 L",
    "date": "2023-01-17"
  },
  {
    "id": 11528,
    "name": "Concentrado Granadina sin Alcohol GINERS",
    "description": "Concentrado Granadina sin Alcohol 1 L",
    "category": "Licores y vermouth",
    "url": "https://tienda.consum.es/es/p/concentrado-granadina-sin-alcohol/7103252",
    "price": 3.1,
    "reference_price": 3.1,
    "iva": 21,
    "reference_unit": "1 L",
    "date": "2023-01-17"
  },
  {
    "id": 11535,
    "name": "Leche y Cereales con Miel Pack 2 NESTLE",
    "description": "Leche y Cereales con Miel Pack 2 2 x 250 ml",
    "category": "Alimentación infantil",
    "url": "https://tienda.consum.es/es/p/leche-y-cereales-con-miel-pack-2/7104073",
    "price": 2.2,
    "reference_price": 4.4,
    "iva": 10,
    "reference_unit": "1 L",
    "date": "2023-01-17"
  },
  {
    "id": 11536,
    "name": "Papilla 8 Cereales Galleta NESTLE",
    "description": "Papilla 8 Cereales Galleta 600 Gr",
    "category": "Alimentación infantil",
    "url": "https://tienda.consum.es/es/p/papilla-8-cereales-galleta/7107746",
    "price": 3.95,
    "reference_price": 6.58,
    "iva": 10,
    "reference_unit": "1 Kg",
    "date": "2023-01-17"
  },
  {
    "id": 11540,
    "name": "Ginebra 12 LARIOS",
    "description": "Ginebra 12 0,7 L",
    "category": "Licores y vermouth",
    "url": "https://tienda.consum.es/es/p/ginebra-12/7113363",
    "price": 14.5,
    "reference_price": 20.71,
    "iva": 21,
    "reference_unit": "1 L",
    "date": "2023-01-17"
  },
  {
    "id": 11542,
    "name": "Papilla 8 Cereales Miel NESTLE",
    "description": "Papilla 8 Cereales Miel 600 Gr",
    "category": "Alimentación infantil",
    "url": "https://tienda.consum.es/es/p/papilla-8-cereales-miel/7116270",
    "price": 3.95,
    "reference_price": 6.58,
    "iva": 10,
    "reference_unit": "1 Kg",
    "date": "2023-01-17"
  },
  {
    "id": 11543,
    "name": "Mojito PERLA CARIBE",
    "description": "Mojito 0,7 L",
    "category": "Licores y vermouth",
    "url": "https://tienda.consum.es/es/p/mojito/7117075",
    "price": 5.5,
    "reference_price": 7.86,
    "iva": 21,
    "reference_unit": "1 L",
    "date": "2023-01-17"
  },
  {
    "id": 11544,
    "name": "Anís Dulce MONO",
    "description": "Anís Dulce 0,7 L",
    "category": "Licores y vermouth",
    "url": "https://tienda.consum.es/es/p/anis-dulce/7118417",
    "price": 8.1,
    "reference_price": 11.57,
    "iva": 21,
    "reference_unit": "1 L",
    "date": "2023-01-17"
  },
  {
    "id": 11545,
    "name": "Leche Infantil de Inicio 1 Premium Polvo NIDINA",
    "description": "Leche Infantil de Inicio 1 Premium Polvo 800 Gr",
    "category": "Leches infantiles",
    "url": "https://tienda.consum.es/es/p/leche-infantil-de-inicio-1-premium-polvo/7120462",
    "price": 14.95,
    "reference_price": 18.69,
    "iva": 10,
    "reference_unit": "1 Kg",
    "date": "2023-01-17"
  },
  {
    "id": 11548,
    "name": "Licor de Manzana Sin Alcohol GRANPOMIER",
    "description": "Licor de Manzana Sin Alcohol 0,7 L",
    "category": "Licores y vermouth",
    "url": "https://tienda.consum.es/es/p/licor-de-manzana-sin-alcohol/7135163",
    "price": 3.95,
    "reference_price": 5.64,
    "iva": 21,
    "reference_unit": "1 L",
    "date": "2023-01-17"
  },
  {
    "id": 11551,
    "name": "Licor Limoncello BELLAMARE",
    "description": "Licor Limoncello 0,7 L",
    "category": "Licores y vermouth",
    "url": "https://tienda.consum.es/es/p/licor-limoncello/7142297",
    "price": 7.29,
    "reference_price": 10.41,
    "iva": 21,
    "reference_unit": "1 L",
    "date": "2023-01-17"
  },
  {
    "id": 11552,
    "name": "Recetas Caseras Cocido con Ternera P-2 HERO",
    "description": "Recetas Caseras Cocido con Ternera P-2 2 x 190 Gr",
    "category": "Alimentación infantil",
    "url": "https://tienda.consum.es/es/p/recetas-caseras-cocido-con-ternera-p-2/7144467",
    "price": 2.45,
    "reference_price": 6.45,
    "iva": 10,
    "reference_unit": "1 Kg",
    "date": "2023-01-17"
  },
  {
    "id": 11558,
    "name": "Licor de Ponche CABALLERO",
    "description": "Licor de Ponche 0,7 L",
    "category": "Licores y vermouth",
    "url": "https://tienda.consum.es/es/p/licor-de-ponche/7151012",
    "price": 10.9,
    "reference_price": 15.57,
    "iva": 21,
    "reference_unit": "1 L",
    "date": "2023-01-17"
  },
  {
    "id": 5120,
    "name": "Nuggets congelados LA COCINERA",
    "description": "Nuggets congelados 350 Gr",
    "category": "Platos preparados",
    "url": "https://tienda.consum.es/es/p/nuggets-congelados/698910",
    "price": 5.19,
    "reference_price": 14.83,
    "iva": 10,
    "reference_unit": "1 Kg",
    "date": "2023-01-17"
  },
  {
    "id": 5124,
    "name": "Leche Desnatada Brik ASTURIANA",
    "description": "Leche Desnatada Brik 1 L",
    "category": "Desnatada",
    "url": "https://tienda.consum.es/es/p/leche-desnatada-brik/735340",
    "price": 1.14,
    "reference_price": 1.14,
    "iva": 0,
    "reference_unit": "1 L",
    "date": "2023-01-17"
  },
  {
    "id": 5125,
    "name": "Leche Semidesnatada Brik ASTURIANA",
    "description": "Leche Semidesnatada Brik 1 L",
    "category": "Semidesnatada",
    "url": "https://tienda.consum.es/es/p/leche-semidesnatada-brik/735399",
    "price": 1.14,
    "reference_price": 1.14,
    "iva": 0,
    "reference_unit": "1 L",
    "date": "2023-01-17"
  },
  {
    "id": 5126,
    "name": "Leche Entera Brik ASTURIANA",
    "description": "Leche Entera Brik 1 L",
    "category": "Entera",
    "url": "https://tienda.consum.es/es/p/leche-entera-brik/735423",
    "price": 1.14,
    "reference_price": 1.14,
    "iva": 0,
    "reference_unit": "1 L",
    "date": "2023-01-17"
  },
  {
    "id": 5128,
    "name": "Laca Cabello Normal NELLY",
    "description": "Laca Cabello Normal 400 ml",
    "category": "Lacas",
    "url": "https://tienda.consum.es/es/p/laca-cabello-normal/756049",
    "price": 2.25,
    "reference_price": 0.56,
    "iva": 21,
    "reference_unit": "100 ml",
    "date": "2023-01-17"
  },
  {
    "id": 5130,
    "name": "Nata Líquida Cocinar Slim PULEVA",
    "description": "Nata Líquida Cocinar Slim 200 ml",
    "category": "Nata para cocinar",
    "url": "https://tienda.consum.es/es/p/nata-liquida-cocinar-slim/761239",
    "price": 1.25,
    "reference_price": 6.25,
    "iva": 10,
    "reference_unit": "1 L",
    "date": "2023-01-17"
  },
  {
    "id": 5131,
    "name": "Gaseosa Lata LA CASERA",
    "description": "Gaseosa Lata 0,33 L",
    "category": "Gaseosas y sodas",
    "url": "https://tienda.consum.es/es/p/gaseosa-lata/764779",
    "price": 0.6,
    "reference_price": 1.82,
    "iva": 21,
    "reference_unit": "1 L",
    "date": "2023-01-17"
  },
  {
    "id": 5132,
    "name": "Cerveza Holandesa Botella HEINEKEN",
    "description": "Cerveza Holandesa Botella 0,33 L",
    "category": "Importación botella",
    "url": "https://tienda.consum.es/es/p/cerveza-holandesa-botella/769844",
    "price": 1.45,
    "reference_price": 4.39,
    "iva": 21,
    "reference_unit": "1 L",
    "date": "2023-01-17"
  },
  {
    "id": 5133,
    "name": "Limpiahogar Antical VIAKAL",
    "description": "Limpiahogar Antical 0,5 L",
    "category": "Antical",
    "url": "https://tienda.consum.es/es/p/limpiahogar-antical/784660",
    "price": 2.99,
    "reference_price": 5.98,
    "iva": 21,
    "reference_unit": "1 L",
    "date": "2023-01-17"
  },
  {
    "id": 5134,
    "name": "Chocoswing Galleta MILKA",
    "description": "Chocoswing Galleta 300 Gr",
    "category": "Tabletas",
    "url": "https://tienda.consum.es/es/p/chocoswing-galleta/791368",
    "price": 2.95,
    "reference_price": 9.83,
    "iva": 10,
    "reference_unit": "1 Kg",
    "date": "2023-01-17"
  },
  {
    "id": 5135,
    "name": "Vitalínea 0%0% Natural Edulcorado DANONE",
    "description": "Vitalínea 0%0% Natural Edulcorado 4 x 120 Gr",
    "category": "Yogur natural desnatado",
    "url": "https://tienda.consum.es/es/p/vitalinea-00-natural-edulcorado/798405",
    "price": 1.89,
    "reference_price": 3.94,
    "iva": 10,
    "reference_unit": "1 Kg",
    "date": "2023-01-17"
  },
  {
    "id": 5136,
    "name": "Activia 0% Natural Yogur Bífidus P-4 ud. DANONE",
    "description": "Activia 0% Natural Yogur Bífidus P-4 ud. 4 x 120 Gr",
    "category": "Bífidus",
    "url": "https://tienda.consum.es/es/p/activia-0-natural-yogur-bifidus-p-4-ud/798447",
    "price": 2.69,
    "reference_price": 5.6,
    "iva": 10,
    "reference_unit": "1 Kg",
    "date": "2023-01-17"
  },
  {
    "id": 5140,
    "name": "Estropajos Fibra Verde Frotaspon Duplo SPONTEX",
    "description": "Estropajos Fibra Verde Frotaspon Duplo 2 U",
    "category": "Estropajos",
    "url": "https://tienda.consum.es/es/p/estropajos-fibra-verde-frotaspon-duplo/819581",
    "price": 2.15,
    "reference_price": 1.08,
    "iva": 21,
    "reference_unit": "1 U",
    "date": "2023-01-17"
  },
  {
    "id": 5141,
    "name": "Chocolate con Leche y Almendras VALOR",
    "description": "Chocolate con Leche y Almendras 250 Gr",
    "category": "Tabletas",
    "url": "https://tienda.consum.es/es/p/chocolate-con-leche-y-almendras/825307",
    "price": 3.15,
    "reference_price": 12.6,
    "iva": 10,
    "reference_unit": "1 Kg",
    "date": "2023-01-17"
  },
  {
    "id": 5142,
    "name": "Cacao Soluble 6 Raciones Individuales COLA CAO",
    "description": "Cacao Soluble 6 Raciones Individuales 108 Gr",
    "category": "Cacao soluble",
    "url": "https://tienda.consum.es/es/p/cacao-soluble-6-raciones-individuales/825505",
    "price": 2.19,
    "reference_price": 20.28,
    "iva": 10,
    "reference_unit": "1 Kg",
    "date": "2023-01-17"
  },
  {
    "id": 5144,
    "name": "Gula Norte con Gambas AGUINAGA",
    "description": "Gula Norte con Gambas 110 Gr",
    "category": "Frescos",
    "url": "https://tienda.consum.es/es/p/gula-norte-con-gambas/836015",
    "price": 3.19,
    "reference_price": 29,
    "iva": 10,
    "reference_unit": "1 Kg",
    "date": "2023-01-17"
  },
  {
    "id": 5148,
    "name": "Salsa Ligera Tarro Cristal LIGERESA",
    "description": "Salsa Ligera Tarro Cristal 225 ml",
    "category": "Mayonesa",
    "url": "https://tienda.consum.es/es/p/salsa-ligera-tarro-cristal/845701",
    "price": 1.15,
    "reference_price": 5.11,
    "iva": 10,
    "reference_unit": "1 L",
    "date": "2023-01-17"
  },
  {
    "id": 5149,
    "name": "Galletas Tostada FLORA",
    "description": "Galletas Tostada 450 Gr",
    "category": "Desayuno y maría",
    "url": "https://tienda.consum.es/es/p/galletas-tostada/845867",
    "price": 2.55,
    "reference_price": 5.67,
    "iva": 10,
    "reference_unit": "1 Kg",
    "date": "2023-01-17"
  },
  {
    "id": 5151,
    "name": "Hojas de Boldo 20 Bolsitas POMPADOUR",
    "description": "Hojas de Boldo 20 Bolsitas 20 U",
    "category": "Otras infusiones",
    "url": "https://tienda.consum.es/es/p/hojas-de-boldo-20-bolsitas/860536",
    "price": 2.5,
    "reference_price": 0.13,
    "iva": 10,
    "reference_unit": "1 U",
    "date": "2023-01-17"
  },
  {
    "id": 5152,
    "name": "Infusion de Hinojo 20 Bolsitas POMPADOUR",
    "description": "Infusion de Hinojo 20 Bolsitas 20 U",
    "category": "Otras infusiones",
    "url": "https://tienda.consum.es/es/p/infusion-de-hinojo-20-bolsitas/860643",
    "price": 2.5,
    "reference_price": 0.13,
    "iva": 10,
    "reference_unit": "1 U",
    "date": "2023-01-17"
  },
  {
    "id": 5153,
    "name": "Refresco Naranja sin Gas Lata. TRINA",
    "description": "Refresco Naranja sin Gas Lata. 0,33 L",
    "category": "Refrescos sin gas",
    "url": "https://tienda.consum.es/es/p/refresco-naranja-sin-gas-lata/860932",
    "price": 0.65,
    "reference_price": 1.97,
    "iva": 21,
    "reference_unit": "1 L",
    "date": "2023-01-17"
  },
  {
    "id": 5154,
    "name": "Refresco Limón sin Gas Lata. TRINA",
    "description": "Refresco Limón sin Gas Lata. 0,33 L",
    "category": "Refrescos sin gas",
    "url": "https://tienda.consum.es/es/p/refresco-limon-sin-gas-lata/860940",
    "price": 0.65,
    "reference_price": 1.97,
    "iva": 21,
    "reference_unit": "1 L",
    "date": "2023-01-17"
  },
  {
    "id": 5156,
    "name": "Sopinstant Crema y Pollo Caja G.BLANCA",
    "description": "Sopinstant Crema y Pollo Caja 63 Gr",
    "category": "Preparados en sobre",
    "url": "https://tienda.consum.es/es/p/sopinstant-crema-y-pollo-caja/862870",
    "price": 1.1,
    "reference_price": 17.46,
    "iva": 10,
    "reference_unit": "1 Kg",
    "date": "2023-01-17"
  },
  {
    "id": 5157,
    "name": "Suisse Chololate Pack de 6 Unidades NESQUIK",
    "description": "Suisse Chololate Pack de 6 Unidades 6 x 60 Gr",
    "category": "Petit e infantiles",
    "url": "https://tienda.consum.es/es/p/suisse-chololate-pack-de-6-unidades/866327",
    "price": 1.59,
    "reference_price": 4.42,
    "iva": 10,
    "reference_unit": "1 Kg",
    "date": "2023-01-17"
  },
  {
    "id": 5160,
    "name": "Vino Tinto Crianza D.O.Utiel-Requena V.ENTERIZO",
    "description": "Vino Tinto Crianza D.O.Utiel-Requena 0,75 L",
    "category": "Vinos d.o",
    "url": "https://tienda.consum.es/es/p/vino-tinto-crianza-doutiel-requena/904540",
    "price": 2.3,
    "reference_price": 3.07,
    "iva": 21,
    "reference_unit": "1 L",
    "date": "2023-01-17"
  },
  {
    "id": 5161,
    "name": "Vino Tinto Joven D.O.Utiel-Requena V.ENTERIZO",
    "description": "Vino Tinto Joven D.O.Utiel-Requena 0,75 L",
    "category": "Vinos d.o",
    "url": "https://tienda.consum.es/es/p/vino-tinto-joven-doutiel-requena/913546",
    "price": 2.25,
    "reference_price": 3,
    "iva": 21,
    "reference_unit": "1 L",
    "date": "2023-01-17"
  },
  {
    "id": 5164,
    "name": "Pelota de Cocido CONSUM",
    "description": "Pelota de Cocido",
    "category": "Arreglos",
    "url": "https://tienda.consum.es/es/p/pelota-de-cocido/922567",
    "price": 1.45,
    "reference_price": 7.25,
    "iva": 10,
    "reference_unit": "1 Kg",
    "date": "2023-01-17"
  },
  {
    "id": 5165,
    "name": "Preparado Picada de Vacuno CONSUM",
    "description": "Preparado Picada de Vacuno 400 Gr",
    "category": "Picadas y hamburguesas",
    "url": "https://tienda.consum.es/es/p/preparado-picada-de-vacuno/922823",
    "price": 3.32,
    "reference_price": 8.3,
    "iva": 10,
    "reference_unit": "1 Kg",
    "date": "2023-01-17"
  },
  {
    "id": 5166,
    "name": "Preparado Picada Mixta CONSUM",
    "description": "Preparado Picada Mixta 400 Gr",
    "category": "Picadas y hamburguesas",
    "url": "https://tienda.consum.es/es/p/preparado-picada-mixta/925594",
    "price": 3.04,
    "reference_price": 7.6,
    "iva": 10,
    "reference_unit": "1 Kg",
    "date": "2023-01-17"
  },
  {
    "id": 5167,
    "name": "Longaniza Tipo Requena CONSUM",
    "description": "Longaniza Tipo Requena",
    "category": "Embutido",
    "url": "https://tienda.consum.es/es/p/longaniza-tipo-requena/925982",
    "price": 4,
    "reference_price": 9.99,
    "iva": 10,
    "reference_unit": "1 Kg",
    "date": "2023-01-17"
  },
  {
    "id": 5168,
    "name": "Preparado Picada de Cerdo CONSUM",
    "description": "Preparado Picada de Cerdo 400 Gr",
    "category": "Picadas y hamburguesas",
    "url": "https://tienda.consum.es/es/p/preparado-picada-de-cerdo/926204",
    "price": 2.5,
    "reference_price": 6.25,
    "iva": 10,
    "reference_unit": "1 Kg",
    "date": "2023-01-17"
  },
  {
    "id": 5169,
    "name": "Preparado para Cocido CONSUM",
    "description": "Preparado para Cocido",
    "category": "Cerdo",
    "url": "https://tienda.consum.es/es/p/preparado-para-cocido/927541",
    "price": 6.89,
    "reference_price": 6.89,
    "iva": 10,
    "reference_unit": "1 Kg",
    "date": "2023-01-17"
  },
  {
    "id": 5170,
    "name": "Longaniza de Pascua SERRANO",
    "description": "Longaniza de Pascua 240 Gr",
    "category": "Curado",
    "url": "https://tienda.consum.es/es/p/longaniza-de-pascua/929307",
    "price": 3.29,
    "reference_price": 13.71,
    "iva": 10,
    "reference_unit": "1 Kg",
    "date": "2023-01-17"
  },
  {
    "id": 5171,
    "name": "Fartons Paquete 6 Unidades. POLO",
    "description": "Fartons Paquete 6 Unidades. 120 Gr",
    "category": "Bollería industrial",
    "url": "https://tienda.consum.es/es/p/fartons-paquete-6-unidades/931972",
    "price": 1.2,
    "reference_price": 10,
    "iva": 10,
    "reference_unit": "1 Kg",
    "date": "2023-01-17"
  },
  {
    "id": 5172,
    "name": "Desodorante Spray Original DOVE",
    "description": "Desodorante Spray Original 200 ml",
    "category": "Spray",
    "url": "https://tienda.consum.es/es/p/desodorante-spray-original/934674",
    "price": 3,
    "reference_price": 1.5,
    "iva": 21,
    "reference_unit": "100 ml",
    "date": "2023-01-17"
  },
  {
    "id": 5174,
    "name": "Queso Burgo de Arias Pack de 3 Unidades ARIAS",
    "description": "Queso Burgo de Arias Pack de 3 Unidades 3 x 72 Gr",
    "category": "Frescos y para ensaladas",
    "url": "https://tienda.consum.es/es/p/queso-burgo-de-arias-pack-de-3-unidades/937243",
    "price": 2.88,
    "reference_price": 13.33,
    "iva": 0,
    "reference_unit": "1 Kg",
    "date": "2023-01-17"
  },
  {
    "id": 5175,
    "name": "Queso Rallado 4 Quesos 100% Natural EL CASERIO",
    "description": "Queso Rallado 4 Quesos 100% Natural 130 Gr",
    "category": "Quesos Rallados",
    "url": "https://tienda.consum.es/es/p/queso-rallado-4-quesos-100-natural/938209",
    "price": 2.49,
    "reference_price": 19.15,
    "iva": 0,
    "reference_unit": "1 Kg",
    "date": "2023-01-17"
  },
  {
    "id": 5176,
    "name": "Confitura Diet Melocotón HERO",
    "description": "Confitura Diet Melocotón 280 Gr",
    "category": "Mermeladas y confituras",
    "url": "https://tienda.consum.es/es/p/confitura-diet-melocoton/941096",
    "price": 2.1,
    "reference_price": 7.5,
    "iva": 10,
    "reference_unit": "1 Kg",
    "date": "2023-01-17"
  },
  {
    "id": 5177,
    "name": "Judías Finas Frasco BONDUELLE",
    "description": "Judías Finas Frasco 360 Gr",
    "category": "Judía verde",
    "url": "https://tienda.consum.es/es/p/judias-finas-frasco/941401",
    "price": 2.85,
    "reference_price": 7.92,
    "iva": 10,
    "reference_unit": "1 Kg",
    "date": "2023-01-17"
  },
  {
    "id": 5178,
    "name": "Crema de Almendras ALMENDRINA",
    "description": "Crema de Almendras 900 Gr",
    "category": "Bebidas vegetales",
    "url": "https://tienda.consum.es/es/p/crema-de-almendras/942227",
    "price": 6.99,
    "reference_price": 7.77,
    "iva": 10,
    "reference_unit": "1 Kg",
    "date": "2023-01-17"
  },
  {
    "id": 5179,
    "name": "Malta Molida MIGUELETE",
    "description": "Malta Molida 500 Gr",
    "category": "Cereales solubles",
    "url": "https://tienda.consum.es/es/p/malta-molida/942508",
    "price": 1.43,
    "reference_price": 2.86,
    "iva": 10,
    "reference_unit": "1 Kg",
    "date": "2023-01-17"
  },
  {
    "id": 5180,
    "name": "Tomate Troceado Lata BELTORO",
    "description": "Tomate Troceado Lata 390 Gr",
    "category": "Tomate",
    "url": "https://tienda.consum.es/es/p/tomate-troceado-lata/946293",
    "price": 1.45,
    "reference_price": 3.72,
    "iva": 10,
    "reference_unit": "1 Kg",
    "date": "2023-01-17"
  },
  {
    "id": 5181,
    "name": "Tomate Frito Frasco SOLIS",
    "description": "Tomate Frito Frasco 360 Gr",
    "category": "Tomate",
    "url": "https://tienda.consum.es/es/p/tomate-frito-frasco/946301",
    "price": 1.1,
    "reference_price": 3.06,
    "iva": 10,
    "reference_unit": "1 Kg",
    "date": "2023-01-17"
  },
  {
    "id": 5182,
    "name": "Turrón Viena Pack de 6 MEIVEL",
    "description": "Turrón Viena Pack de 6 6 x 30 Gr",
    "category": "Chocolatinas y bombones",
    "url": "https://tienda.consum.es/es/p/turron-viena-pack-de-6/947739",
    "price": 1.5,
    "reference_price": 8.33,
    "iva": 10,
    "reference_unit": "1 Kg",
    "date": "2023-01-17"
  },
  {
    "id": 5183,
    "name": "Gasificante Especial Para Bollería LA BANDERA",
    "description": "Gasificante Especial Para Bollería 39,5 Gr",
    "category": "Harinas y levaduras",
    "url": "https://tienda.consum.es/es/p/gasificante-especial-para-bolleria/948513",
    "price": 0.55,
    "reference_price": 1.39,
    "iva": 10,
    "reference_unit": "100 Gr",
    "date": "2023-01-17"
  },
  {
    "id": 5185,
    "name": "Tomate Frito Lata HIDA",
    "description": "Tomate Frito Lata 400 Gr",
    "category": "Tomate",
    "url": "https://tienda.consum.es/es/p/tomate-frito-lata/951371",
    "price": 1.55,
    "reference_price": 3.88,
    "iva": 10,
    "reference_unit": "1 Kg",
    "date": "2023-01-17"
  },
  {
    "id": 5186,
    "name": "Pisto con Verduras Lata HIDA",
    "description": "Pisto con Verduras Lata 400 Gr",
    "category": "Tomate",
    "url": "https://tienda.consum.es/es/p/pisto-con-verduras-lata/951389",
    "price": 1.85,
    "reference_price": 4.63,
    "iva": 10,
    "reference_unit": "1 Kg",
    "date": "2023-01-17"
  },
  {
    "id": 5187,
    "name": "Abrillantador Lavavajillas FINISH",
    "description": "Abrillantador Lavavajillas 0,5 L",
    "category": "Aditivos y limpiamáquinas",
    "url": "https://tienda.consum.es/es/p/abrillantador-lavavajillas/956300",
    "price": 4.8,
    "reference_price": 9.6,
    "iva": 21,
    "reference_unit": "1 L",
    "date": "2023-01-17"
  },
  {
    "id": 5188,
    "name": "Limpión Lavadoras OCHOSA/ASEVI",
    "description": "Limpión Lavadoras 1 Kg",
    "category": "Aditivos y complementos",
    "url": "https://tienda.consum.es/es/p/limpion-lavadoras/959411",
    "price": 1.75,
    "reference_price": 1.75,
    "iva": 21,
    "reference_unit": "1 Kg",
    "date": "2023-01-17"
  },
  {
    "id": 5189,
    "name": "Galletas Artinata ARTIACH",
    "description": "Galletas Artinata 210 Gr",
    "category": "Wafer y barquillos",
    "url": "https://tienda.consum.es/es/p/galletas-artinata/959452",
    "price": 2.55,
    "reference_price": 12.14,
    "iva": 10,
    "reference_unit": "1 Kg",
    "date": "2023-01-17"
  },
  {
    "id": 5190,
    "name": "Barra Rústica ",
    "description": "Barra Rústica 245 Gr",
    "category": "Pan de horno",
    "url": "https://tienda.consum.es/es/p/barra-rustica/959945",
    "price": 0.66,
    "reference_price": 2.69,
    "iva": 0,
    "reference_unit": "1 Kg",
    "date": "2023-01-17"
  },
  {
    "id": 5191,
    "name": "Cebolla Seca Malla Tubo ",
    "description": "Cebolla Seca Malla Tubo 1 Kg",
    "category": "Patatas, cebollas y ajos",
    "url": "https://tienda.consum.es/es/p/cebolla-seca-malla-tubo/961342",
    "price": 1.85,
    "reference_price": 1.85,
    "iva": 0,
    "reference_unit": "1 Kg",
    "date": "2023-01-17"
  },
  {
    "id": 5192,
    "name": "Sémola de Arroz Paquete REX",
    "description": "Sémola de Arroz Paquete 500 Gr",
    "category": "Pastas",
    "url": "https://tienda.consum.es/es/p/semola-de-arroz-paquete/965504",
    "price": 0.95,
    "reference_price": 1.9,
    "iva": 5,
    "reference_unit": "1 Kg",
    "date": "2023-01-17"
  },
  {
    "id": 5193,
    "name": "Tomate en Rama ",
    "description": "Tomate en Rama",
    "category": "Pepinos, tomates y pimientos",
    "url": "https://tienda.consum.es/es/p/tomate-en-rama/968953",
    "price": 0.35,
    "reference_price": 2.3,
    "iva": 0,
    "reference_unit": "1 Kg",
    "date": "2023-01-17"
  },
  {
    "id": 5194,
    "name": "Leche Calcio Semidesnatada Brik PASCUAL",
    "description": "Leche Calcio Semidesnatada Brik 1 L",
    "category": "Leche con calcio",
    "url": "https://tienda.consum.es/es/p/leche-calcio-semidesnatada-brik/972844",
    "price": 1.72,
    "reference_price": 1.72,
    "iva": 0,
    "reference_unit": "1 L",
    "date": "2023-01-17"
  },
  {
    "id": 5195,
    "name": "Leche Calcio Desnatada Brik PASCUAL",
    "description": "Leche Calcio Desnatada Brik 1 L",
    "category": "Leche con calcio",
    "url": "https://tienda.consum.es/es/p/leche-calcio-desnatada-brik/972869",
    "price": 1.72,
    "reference_price": 1.72,
    "iva": 0,
    "reference_unit": "1 L",
    "date": "2023-01-17"
  },
  {
    "id": 5197,
    "name": "Filete Primera A de Añojo CONSUM",
    "description": "Filete Primera A de Añojo",
    "category": "Ternera y añojo",
    "url": "https://tienda.consum.es/es/p/filete-primera-a-de-anojo/991567",
    "price": 4.71,
    "reference_price": 15.7,
    "iva": 10,
    "reference_unit": "1 Kg",
    "date": "2023-01-17"
  },
  {
    "id": 5200,
    "name": "Vino Tinto Selección Oro Vino de la Tierra Castill BERBERANA",
    "description": "Vino Tinto Selección Oro Vino de la Tierra Castill 0,75 L",
    "category": "Vinos d.o",
    "url": "https://tienda.consum.es/es/p/vino-tinto-seleccion-oro-vino-de-la-tierra-castill/1075100",
    "price": 4.89,
    "reference_price": 6.52,
    "iva": 21,
    "reference_unit": "1 L",
    "date": "2023-01-17"
  },
  {
    "id": 5201,
    "name": "Té Verde 25 Bolsitas POMPADOUR",
    "description": "Té Verde 25 Bolsitas 25 U",
    "category": "Té",
    "url": "https://tienda.consum.es/es/p/te-verde-25-bolsitas/1178698",
    "price": 2.5,
    "reference_price": 0.1,
    "iva": 10,
    "reference_unit": "1 U",
    "date": "2023-01-17"
  },
  {
    "id": 5202,
    "name": "Cerveza sin Alcohol 0,0 Pack de 6 Botellas SAN MIGUEL",
    "description": "Cerveza sin Alcohol 0,0 Pack de 6 Botellas 6 x 0,25 L",
    "category": "0, 0 y 0, 9",
    "url": "https://tienda.consum.es/es/p/cerveza-sin-alcohol-00-pack-de-6-botellas/1185743",
    "price": 2.85,
    "reference_price": 1.9,
    "iva": 21,
    "reference_unit": "1 L",
    "date": "2023-01-17"
  },
  {
    "id": 5204,
    "name": "Agua Mineral Natural Tapón Rosca FONT VELLA",
    "description": "Agua Mineral Natural Tapón Rosca 0,5 L",
    "category": "Agua sin gas : botella",
    "url": "https://tienda.consum.es/es/p/agua-mineral-natural-tapon-rosca/1191998",
    "price": 0.59,
    "reference_price": 1.18,
    "iva": 10,
    "reference_unit": "1 L",
    "date": "2023-01-17"
  },
  {
    "id": 5205,
    "name": "Agua Mineral Natural Tapón Sport FONT VELLA",
    "description": "Agua Mineral Natural Tapón Sport 0,33 L",
    "category": "Agua sin gas : botella",
    "url": "https://tienda.consum.es/es/p/agua-mineral-natural-tapon-sport/1192004",
    "price": 0.49,
    "reference_price": 1.48,
    "iva": 10,
    "reference_unit": "1 L",
    "date": "2023-01-17"
  },
  {
    "id": 5206,
    "name": "Cerveza con Tequila Botella DESPERADOS",
    "description": "Cerveza con Tequila Botella 0,33 L",
    "category": "Importación botella",
    "url": "https://tienda.consum.es/es/p/cerveza-con-tequila-botella/1202464",
    "price": 1.49,
    "reference_price": 4.52,
    "iva": 21,
    "reference_unit": "1 L",
    "date": "2023-01-17"
  },
  {
    "id": 5207,
    "name": "Tarrito Ternera con Zanahoria Baby HERO",
    "description": "Tarrito Ternera con Zanahoria Baby 235 Gr",
    "category": "Alimentación infantil",
    "url": "https://tienda.consum.es/es/p/tarrito-ternera-con-zanahoria-baby/1230390",
    "price": 1.39,
    "reference_price": 5.91,
    "iva": 10,
    "reference_unit": "1 Kg",
    "date": "2023-01-17"
  },
  {
    "id": 5208,
    "name": "Chocolate 85% Cacao Excellence LINDT",
    "description": "Chocolate 85% Cacao Excellence 100 Gr",
    "category": "Tabletas",
    "url": "https://tienda.consum.es/es/p/chocolate-85-cacao-excellence/1368042",
    "price": 2.65,
    "reference_price": 26.5,
    "iva": 10,
    "reference_unit": "1 Kg",
    "date": "2023-01-17"
  },
  {
    "id": 5209,
    "name": "Refresco Naranja Botella FANTA",
    "description": "Refresco Naranja Botella 0,5 L",
    "category": "Naranja",
    "url": "https://tienda.consum.es/es/p/refresco-naranja-botella/1405828",
    "price": 1.39,
    "reference_price": 2.78,
    "iva": 21,
    "reference_unit": "1 L",
    "date": "2023-01-17"
  },
  {
    "id": 5210,
    "name": "Aceitunas Manzanilla sin Hueso Bolsa JOLCA",
    "description": "Aceitunas Manzanilla sin Hueso Bolsa 75 Gr",
    "category": "Aceitunas sin hueso",
    "url": "https://tienda.consum.es/es/p/aceitunas-manzanilla-sin-hueso-bolsa/1414812",
    "price": 0.75,
    "reference_price": 10,
    "iva": 10,
    "reference_unit": "1 Kg",
    "date": "2023-01-17"
  },
  {
    "id": 5211,
    "name": "Pizza Mediterránea TARRADELLAS",
    "description": "Pizza Mediterránea 410 Gr",
    "category": "Pizza refrigerada",
    "url": "https://tienda.consum.es/es/p/pizza-mediterranea/1439116",
    "price": 3.19,
    "reference_price": 7.78,
    "iva": 10,
    "reference_unit": "1 Kg",
    "date": "2023-01-17"
  },
  {
    "id": 5214,
    "name": "Leche Fresca Entera Botella PULEVA",
    "description": "Leche Fresca Entera Botella 1,5 L",
    "category": "Leche fresca",
    "url": "https://tienda.consum.es/es/p/leche-fresca-entera-botella/1463843",
    "price": 2.07,
    "reference_price": 1.38,
    "iva": 0,
    "reference_unit": "1 L",
    "date": "2023-01-17"
  },
  {
    "id": 5216,
    "name": "Preparado Lácteo Omega 3 PULEVA",
    "description": "Preparado Lácteo Omega 3 1 L",
    "category": "Preparados lácteos",
    "url": "https://tienda.consum.es/es/p/preparado-lacteo-omega-3/1509256",
    "price": 1.79,
    "reference_price": 1.79,
    "iva": 10,
    "reference_unit": "1 L",
    "date": "2023-01-17"
  },
  {
    "id": 5217,
    "name": "Chicles Stick Sabor Hierbabuena TRIDENT",
    "description": "Chicles Stick Sabor Hierbabuena 13,5 Gr",
    "category": "Chicles, caramelos y gominolas",
    "url": "https://tienda.consum.es/es/p/chicles-stick-sabor-hierbabuena/1531003",
    "price": 0.95,
    "reference_price": 7.04,
    "iva": 10,
    "reference_unit": "100 Gr",
    "date": "2023-01-17"
  },
  {
    "id": 5218,
    "name": "Dentífrico Protección Diaria SENSODYNE",
    "description": "Dentífrico Protección Diaria 75 ml",
    "category": "Dentífricos",
    "url": "https://tienda.consum.es/es/p/dentifrico-proteccion-diaria/1659077",
    "price": 3.7,
    "reference_price": 4.93,
    "iva": 21,
    "reference_unit": "100 ml",
    "date": "2023-01-17"
  },
  {
    "id": 5219,
    "name": "Preparado Lácteo Folic B Semidesnatado FLORA",
    "description": "Preparado Lácteo Folic B Semidesnatado 1 L",
    "category": "Preparados lácteos",
    "url": "https://tienda.consum.es/es/p/preparado-lacteo-folic-b-semidesnatado/1686070",
    "price": 1.99,
    "reference_price": 1.99,
    "iva": 10,
    "reference_unit": "1 L",
    "date": "2023-01-17"
  },
  {
    "id": 5221,
    "name": "Longaniza Extra CONSUM",
    "description": "Longaniza Extra",
    "category": "Embutido",
    "url": "https://tienda.consum.es/es/p/longaniza-extra/1714799",
    "price": 2.7,
    "reference_price": 5.99,
    "iva": 10,
    "reference_unit": "1 Kg",
    "date": "2023-01-17"
  },
  {
    "id": 5222,
    "name": "Burger Mixta 4 Unidades CONSUM",
    "description": "Burger Mixta 4 Unidades 320 Gr",
    "category": "Picadas y hamburguesas",
    "url": "https://tienda.consum.es/es/p/burger-mixta-4-unidades/1714831",
    "price": 2.75,
    "reference_price": 8.59,
    "iva": 10,
    "reference_unit": "1 Kg",
    "date": "2023-01-17"
  },
  {
    "id": 5223,
    "name": "Caramelos con Palo CHUPA-CHUPS",
    "description": "Caramelos con Palo 13 Gr",
    "category": "Chicles, caramelos y gominolas",
    "url": "https://tienda.consum.es/es/p/caramelos-con-palo/1791565",
    "price": 0.4,
    "reference_price": 3.08,
    "iva": 10,
    "reference_unit": "100 Gr",
    "date": "2023-01-17"
  },
  {
    "id": 5224,
    "name": "Cerveza sin Alcohol Lata MAHOU",
    "description": "Cerveza sin Alcohol Lata 0,33 L",
    "category": "Light",
    "url": "https://tienda.consum.es/es/p/cerveza-sin-alcohol-lata/1793942",
    "price": 0.64,
    "reference_price": 1.94,
    "iva": 21,
    "reference_unit": "1 L",
    "date": "2023-01-17"
  },
  {
    "id": 5225,
    "name": "Minibollycao Bolsa 6 Unidades BOLLYCAO",
    "description": "Minibollycao Bolsa 6 Unidades 90 Gr",
    "category": "Desayuno, dulces y café",
    "url": "https://tienda.consum.es/es/p/minibollycao-bolsa-6-unidades/1846583",
    "price": 1.45,
    "reference_price": 16.11,
    "iva": 10,
    "reference_unit": "1 Kg",
    "date": "2023-01-17"
  },
  {
    "id": 5228,
    "name": "Manzana Royal Gala ",
    "description": "Manzana Royal Gala",
    "category": "Manzana, pera y plátano",
    "url": "https://tienda.consum.es/es/p/manzana-royal-gala/1934884",
    "price": 0.44,
    "reference_price": 1.82,
    "iva": 0,
    "reference_unit": "1 Kg",
    "date": "2023-01-17"
  },
  {
    "id": 5229,
    "name": "Kiwi verde ",
    "description": "Kiwi verde",
    "category": "Fruta tropical",
    "url": "https://tienda.consum.es/es/p/kiwi-verde/1934918",
    "price": 0.36,
    "reference_price": 2.99,
    "iva": 0,
    "reference_unit": "1 Kg",
    "date": "2023-01-17"
  },
  {
    "id": 5230,
    "name": "Crema de Camembert Tarrina PRESIDENT",
    "description": "Crema de Camembert Tarrina 125 Gr",
    "category": "Quesos Para untar",
    "url": "https://tienda.consum.es/es/p/crema-de-camembert-tarrina/2000362",
    "price": 2.02,
    "reference_price": 16.16,
    "iva": 0,
    "reference_unit": "1 Kg",
    "date": "2023-01-17"
  },
  {
    "id": 5231,
    "name": "Sobrasada Tradicional ZAGAL",
    "description": "Sobrasada Tradicional 200 Gr",
    "category": "Sobrasada",
    "url": "https://tienda.consum.es/es/p/sobrasada-tradicional/2013290",
    "price": 2.25,
    "reference_price": 11.25,
    "iva": 10,
    "reference_unit": "1 Kg",
    "date": "2023-01-17"
  },
  {
    "id": 5232,
    "name": "Comida Seca Perros Ultima de Pollo y Verdura ULTIMA",
    "description": "Comida Seca Perros Ultima de Pollo y Verdura 3 Kg",
    "category": "Seco",
    "url": "https://tienda.consum.es/es/p/comida-seca-perros-ultima-de-pollo-y-verdura/2037653",
    "price": 13.19,
    "reference_price": 4.4,
    "iva": 10,
    "reference_unit": "1 Kg",
    "date": "2023-01-17"
  },
  {
    "id": 5233,
    "name": "Limón Malla ",
    "description": "Limón Malla 1 Kg",
    "category": "Cítricos",
    "url": "https://tienda.consum.es/es/p/limon-malla/2124360",
    "price": 1.91,
    "reference_price": 1.91,
    "iva": 0,
    "reference_unit": "1 Kg",
    "date": "2023-01-17"
  },
  {
    "id": 5234,
    "name": "Cogollos 3 Unidades Peso Aproximado 250 gr ",
    "description": "Cogollos 3 Unidades Peso Aproximado 250 gr 0,25 Kg",
    "category": "Lechuga y endibias",
    "url": "https://tienda.consum.es/es/p/cogollos-3-unidades-peso-aproximado-250-gr/2124386",
    "price": 1.12,
    "reference_price": 4.48,
    "iva": 0,
    "reference_unit": "1 Kg",
    "date": "2023-01-17"
  },
  {
    "id": 5235,
    "name": "Activia 00% con Piña Bífidus Desnatado P-4ud DANONE",
    "description": "Activia 00% con Piña Bífidus Desnatado P-4ud 4 x 120 Gr",
    "category": "Bífidus",
    "url": "https://tienda.consum.es/es/p/activia-00-con-pina-bifidus-desnatado-p-4ud/2154441",
    "price": 2.89,
    "reference_price": 6.02,
    "iva": 10,
    "reference_unit": "1 Kg",
    "date": "2023-01-17"
  },
  {
    "id": 5236,
    "name": "Brocheta de Pollo CONSUM",
    "description": "Brocheta de Pollo 320 Gr",
    "category": "Aves y conejo",
    "url": "https://tienda.consum.es/es/p/brocheta-de-pollo/2160893",
    "price": 2.99,
    "reference_price": 9.34,
    "iva": 10,
    "reference_unit": "1 Kg",
    "date": "2023-01-17"
  },
  {
    "id": 5240,
    "name": "Galletas Mini Chipsahoy LU",
    "description": "Galletas Mini Chipsahoy 160 Gr",
    "category": "Galletas de chocolate",
    "url": "https://tienda.consum.es/es/p/galletas-mini-chipsahoy/2366466",
    "price": 1.95,
    "reference_price": 12.19,
    "iva": 10,
    "reference_unit": "1 Kg",
    "date": "2023-01-17"
  },
  {
    "id": 5245,
    "name": "Azúcar Blanco Paquete AZUCARERA",
    "description": "Azúcar Blanco Paquete 1 Kg",
    "category": "Azúcar",
    "url": "https://tienda.consum.es/es/p/azucar-blanco-paquete/2453884",
    "price": 1.35,
    "reference_price": 1.35,
    "iva": 10,
    "reference_unit": "1 Kg",
    "date": "2023-01-17"
  },
  {
    "id": 5246,
    "name": "Comida Húmeda Gatos Gourmet Gold Pollo GOURMET",
    "description": "Comida Húmeda Gatos Gourmet Gold Pollo 85 Gr",
    "category": "Húmedo",
    "url": "https://tienda.consum.es/es/p/comida-humeda-gatos-gourmet-gold-pollo/2536688",
    "price": 0.77,
    "reference_price": 9.06,
    "iva": 10,
    "reference_unit": "1 Kg",
    "date": "2023-01-17"
  },
  {
    "id": 5247,
    "name": "Comida Húmeda Gatos Gourmet Gold Pescado GOURMET",
    "description": "Comida Húmeda Gatos Gourmet Gold Pescado 85 Gr",
    "category": "Húmedo",
    "url": "https://tienda.consum.es/es/p/comida-humeda-gatos-gourmet-gold-pescado/2536704",
    "price": 0.77,
    "reference_price": 9.06,
    "iva": 10,
    "reference_unit": "1 Kg",
    "date": "2023-01-17"
  },
  {
    "id": 5248,
    "name": "Agua Mineral Natural Tapón Sport AQUAREL",
    "description": "Agua Mineral Natural Tapón Sport 0,33 L",
    "category": "Agua sin gas : botella",
    "url": "https://tienda.consum.es/es/p/agua-mineral-natural-tapon-sport/2569838",
    "price": 0.45,
    "reference_price": 1.36,
    "iva": 10,
    "reference_unit": "1 L",
    "date": "2023-01-17"
  },
  {
    "id": 5249,
    "name": "Agua Mineral Natural Garrafa AQUAREL",
    "description": "Agua Mineral Natural Garrafa 5 L",
    "category": "Agua sin gas : garrafa",
    "url": "https://tienda.consum.es/es/p/agua-mineral-natural-garrafa/2569861",
    "price": 1.45,
    "reference_price": 0.29,
    "iva": 10,
    "reference_unit": "1 L",
    "date": "2023-01-17"
  },
  {
    "id": 5250,
    "name": "Agua Mineral Natural. Botella AQUAREL",
    "description": "Agua Mineral Natural. Botella 1,5 L",
    "category": "Agua sin gas : botella",
    "url": "https://tienda.consum.es/es/p/agua-mineral-natural-botella/2569879",
    "price": 0.54,
    "reference_price": 0.36,
    "iva": 10,
    "reference_unit": "1 L",
    "date": "2023-01-17"
  },
  {
    "id": 5251,
    "name": "Ajos Secos Malla ",
    "description": "Ajos Secos Malla 250 Gr",
    "category": "Patatas, cebollas y ajos",
    "url": "https://tienda.consum.es/es/p/ajos-secos-malla/2600815",
    "price": 1.39,
    "reference_price": 5.56,
    "iva": 0,
    "reference_unit": "1 Kg",
    "date": "2023-01-17"
  },
  {
    "id": 5252,
    "name": "Brócoli Manojo ",
    "description": "Brócoli Manojo 500 Gr",
    "category": "Brócoli, col y coliflor",
    "url": "https://tienda.consum.es/es/p/brocoli-manojo/2600823",
    "price": 1.42,
    "reference_price": 2.84,
    "iva": 0,
    "reference_unit": "1 Kg",
    "date": "2023-01-17"
  },
  {
    "id": 5253,
    "name": "Pizza Carbonara TARRADELLAS",
    "description": "Pizza Carbonara 400 Gr",
    "category": "Pizza refrigerada",
    "url": "https://tienda.consum.es/es/p/pizza-carbonara/2633238",
    "price": 3.19,
    "reference_price": 7.98,
    "iva": 10,
    "reference_unit": "1 Kg",
    "date": "2023-01-17"
  },
  {
    "id": 5254,
    "name": "Café Creme Express Molido MARCILLA",
    "description": "Café Creme Express Molido 250 Gr",
    "category": "Café Molido natural",
    "url": "https://tienda.consum.es/es/p/cafe-creme-express-molido/2633303",
    "price": 3.99,
    "reference_price": 15.96,
    "iva": 10,
    "reference_unit": "1 Kg",
    "date": "2023-01-17"
  },
  {
    "id": 5255,
    "name": "Tortas de Gazpacho Paquete PASTOR",
    "description": "Tortas de Gazpacho Paquete 180 Gr",
    "category": "Otras pastas secas",
    "url": "https://tienda.consum.es/es/p/tortas-de-gazpacho-paquete/2659480",
    "price": 0.62,
    "reference_price": 3.44,
    "iva": 5,
    "reference_unit": "1 Kg",
    "date": "2023-01-17"
  },
  {
    "id": 5256,
    "name": "Crema Antiarrugas Q10 de Noche NIVEA",
    "description": "Crema Antiarrugas Q10 de Noche 50 ml",
    "category": "Hidratación",
    "url": "https://tienda.consum.es/es/p/crema-antiarrugas-q10-de-noche/2659803",
    "price": 9.25,
    "reference_price": 18.5,
    "iva": 21,
    "reference_unit": "100 ml",
    "date": "2023-01-17"
  },
  {
    "id": 11561,
    "name": "Compota de Manzana y Plátano Pack de 2 ANELA",
    "description": "Compota de Manzana y Plátano Pack de 2 2 x 100 Gr",
    "category": "Membrillos y compotas",
    "url": "https://tienda.consum.es/es/p/compota-de-manzana-y-platano-pack-de-2/7153450",
    "price": 1.35,
    "reference_price": 6.75,
    "iva": 10,
    "reference_unit": "1 Kg",
    "date": "2023-01-17"
  },
  {
    "id": 11566,
    "name": "Leche Continuación Premium Polvo 3 NIDINA",
    "description": "Leche Continuación Premium Polvo 3 800 Gr",
    "category": "Leches infantiles",
    "url": "https://tienda.consum.es/es/p/leche-continuacion-premium-polvo-3/7163538",
    "price": 14.95,
    "reference_price": 18.69,
    "iva": 10,
    "reference_unit": "1 Kg",
    "date": "2023-01-17"
  },
  {
    "id": 11568,
    "name": "Rodajas de Mar Selectas EMBUMAR",
    "description": "Rodajas de Mar Selectas 200 Gr",
    "category": "Otros preparados",
    "url": "https://tienda.consum.es/es/p/rodajas-de-mar-selectas/7164879",
    "price": 3.99,
    "reference_price": 19.95,
    "iva": 10,
    "reference_unit": "1 Kg",
    "date": "2023-01-17"
  },
  {
    "id": 11569,
    "name": "Brandy Gran Reserva ALFONSO I",
    "description": "Brandy Gran Reserva 0,7 L",
    "category": "Licores y vermouth",
    "url": "https://tienda.consum.es/es/p/brandy-gran-reserva/7166267",
    "price": 10.25,
    "reference_price": 14.64,
    "iva": 21,
    "reference_unit": "1 L",
    "date": "2023-01-17"
  },
  {
    "id": 11571,
    "name": "Refresco Naranja Refrigerado Pack 4 Ud SIMON LIFE",
    "description": "Refresco Naranja Refrigerado Pack 4 Ud 4 x 200 ml",
    "category": "Refrescos sin gas",
    "url": "https://tienda.consum.es/es/p/refresco-naranja-refrigerado-pack-4-ud/7166911",
    "price": 1.6,
    "reference_price": 2,
    "iva": 21,
    "reference_unit": "1 L",
    "date": "2023-01-17"
  },
  {
    "id": 11573,
    "name": "Ron Blanco BACARDI",
    "description": "Ron Blanco 0,7 L",
    "category": "Licores y vermouth",
    "url": "https://tienda.consum.es/es/p/ron-blanco/7169535",
    "price": 12.59,
    "reference_price": 17.99,
    "iva": 21,
    "reference_unit": "1 L",
    "date": "2023-01-17"
  },
  {
    "id": 11581,
    "name": "Vodka SMIRNOFF",
    "description": "Vodka 1 L",
    "category": "Licores y vermouth",
    "url": "https://tienda.consum.es/es/p/vodka/7179182",
    "price": 14.69,
    "reference_price": 14.69,
    "iva": 21,
    "reference_unit": "1 L",
    "date": "2023-01-17"
  },
  {
    "id": 11587,
    "name": "Colonia Femenina Nº23 CARAVAN",
    "description": "Colonia Femenina Nº23 150 ml",
    "category": "Femeninas",
    "url": "https://tienda.consum.es/es/p/colonia-femenina-n23/7182298",
    "price": 10.95,
    "reference_price": 7.3,
    "iva": 21,
    "reference_unit": "100 ml",
    "date": "2023-01-17"
  },
  {
    "id": 11588,
    "name": "Colonia Femenina Nº35 CARAVAN",
    "description": "Colonia Femenina Nº35 150 ml",
    "category": "Femeninas",
    "url": "https://tienda.consum.es/es/p/colonia-femenina-n35/7182301",
    "price": 10.95,
    "reference_price": 7.3,
    "iva": 21,
    "reference_unit": "100 ml",
    "date": "2023-01-17"
  },
  {
    "id": 11589,
    "name": "Colonia Masculina Nº15 CARAVAN",
    "description": "Colonia Masculina Nº15 150 ml",
    "category": "Masculinas",
    "url": "https://tienda.consum.es/es/p/colonia-masculina-n15/7182322",
    "price": 10.95,
    "reference_price": 7.3,
    "iva": 21,
    "reference_unit": "100 ml",
    "date": "2023-01-17"
  },
  {
    "id": 11591,
    "name": "Mermelada Frambuesa Tarro HELIOS",
    "description": "Mermelada Frambuesa Tarro 340 Gr",
    "category": "Mermeladas y confituras",
    "url": "https://tienda.consum.es/es/p/mermelada-frambuesa-tarro/7184620",
    "price": 2.45,
    "reference_price": 7.21,
    "iva": 10,
    "reference_unit": "1 Kg",
    "date": "2023-01-17"
  },
  {
    "id": 11592,
    "name": "Vermouth Rojo YZAGUIRRE",
    "description": "Vermouth Rojo 1 L",
    "category": "Licores y vermouth",
    "url": "https://tienda.consum.es/es/p/vermouth-rojo/7184745",
    "price": 7.7,
    "reference_price": 7.7,
    "iva": 21,
    "reference_unit": "1 L",
    "date": "2023-01-17"
  },
  {
    "id": 11594,
    "name": "Mermelada Albaricoque 0% Azúcares Añadidos CONSUM",
    "description": "Mermelada Albaricoque 0% Azúcares Añadidos 280 Gr",
    "category": "Mermeladas y confituras",
    "url": "https://tienda.consum.es/es/p/mermelada-albaricoque-0-azucares-anadidos/7185270",
    "price": 1.4,
    "reference_price": 5,
    "iva": 10,
    "reference_unit": "1 Kg",
    "date": "2023-01-17"
  },
  {
    "id": 11595,
    "name": "Mermelada Ciruela 0% Azúcares Añadidos CONSUM",
    "description": "Mermelada Ciruela 0% Azúcares Añadidos 280 Gr",
    "category": "Mermeladas y confituras",
    "url": "https://tienda.consum.es/es/p/mermelada-ciruela-0-azucares-anadidos/7185275",
    "price": 1.25,
    "reference_price": 4.46,
    "iva": 10,
    "reference_unit": "1 Kg",
    "date": "2023-01-17"
  },
  {
    "id": 11597,
    "name": "Colonia Muy Mío BUSTAMANTE",
    "description": "Colonia Muy Mío 100 ml",
    "category": "Masculinas",
    "url": "https://tienda.consum.es/es/p/colonia-muy-mio/7185507",
    "price": 6.5,
    "reference_price": 6.5,
    "iva": 21,
    "reference_unit": "100 ml",
    "date": "2023-01-17"
  },
  {
    "id": 11601,
    "name": "Filetón Bacalao Islandia CONSUM",
    "description": "Filetón Bacalao Islandia 500 Gr",
    "category": "Ahumados",
    "url": "https://tienda.consum.es/es/p/fileton-bacalao-islandia/7189538",
    "price": 6.99,
    "reference_price": 13.98,
    "iva": 10,
    "reference_unit": "1 Kg",
    "date": "2023-01-17"
  },
  {
    "id": 11602,
    "name": "Filete de Anchoa Aceite de Oliva MSC G.CANTABRICO",
    "description": "Filete de Anchoa Aceite de Oliva MSC 16 Gr",
    "category": "Anchoas",
    "url": "https://tienda.consum.es/es/p/filete-de-anchoa-aceite-de-oliva-msc/7189751",
    "price": 1.99,
    "reference_price": 12.44,
    "iva": 10,
    "reference_unit": "100 Gr",
    "date": "2023-01-17"
  },
  {
    "id": 11604,
    "name": "Torta de Alcazar ",
    "description": "Torta de Alcazar 160 Gr",
    "category": "Cocas y bizcochos",
    "url": "https://tienda.consum.es/es/p/torta-de-alcazar/7197262",
    "price": 1.99,
    "reference_price": 12.44,
    "iva": 10,
    "reference_unit": "1 Kg",
    "date": "2023-01-17"
  },
  {
    "id": 11611,
    "name": "Huevas de Islandia Rojas ROYAL",
    "description": "Huevas de Islandia Rojas 50 Gr",
    "category": "Surimis y salazones",
    "url": "https://tienda.consum.es/es/p/huevas-de-islandia-rojas/7200306",
    "price": 2.35,
    "reference_price": 47,
    "iva": 10,
    "reference_unit": "1 Kg",
    "date": "2023-01-17"
  },
  {
    "id": 11613,
    "name": "Tarrito Calabacín, Jamón y Queso Pack de 2 HERO",
    "description": "Tarrito Calabacín, Jamón y Queso Pack de 2 2 x 190 Gr",
    "category": "Alimentación infantil",
    "url": "https://tienda.consum.es/es/p/tarrito-calabacin-jamon-y-queso-pack-de-2/7201841",
    "price": 2.55,
    "reference_price": 6.71,
    "iva": 10,
    "reference_unit": "1 Kg",
    "date": "2023-01-17"
  },
  {
    "id": 11614,
    "name": "Leche Inicio 1 Bote Polvo NATIVA",
    "description": "Leche Inicio 1 Bote Polvo 800 Gr",
    "category": "Leches infantiles",
    "url": "https://tienda.consum.es/es/p/leche-inicio-1-bote-polvo/7201882",
    "price": 8.79,
    "reference_price": 10.99,
    "iva": 10,
    "reference_unit": "1 Kg",
    "date": "2023-01-17"
  },
  {
    "id": 11616,
    "name": "Café Soluble Gold Natural, Bote NESCAFE",
    "description": "Café Soluble Gold Natural, Bote 100 Gr",
    "category": "Café Soluble ",
    "url": "https://tienda.consum.es/es/p/cafe-soluble-gold-natural-bote/7201999",
    "price": 5.29,
    "reference_price": 52.9,
    "iva": 10,
    "reference_unit": "1 Kg",
    "date": "2023-01-17"
  },
  {
    "id": 11618,
    "name": "Banderilla Boquerón y Aceituna BRUIMAR",
    "description": "Banderilla Boquerón y Aceituna 115 Gr",
    "category": "Ahumados",
    "url": "https://tienda.consum.es/es/p/banderilla-boqueron-y-aceituna/7202653",
    "price": 2.49,
    "reference_price": 21.65,
    "iva": 10,
    "reference_unit": "1 Kg",
    "date": "2023-01-17"
  },
  {
    "id": 11619,
    "name": "Banderilla Anchoa y Boquerón BRUIMAR",
    "description": "Banderilla Anchoa y Boquerón 95 Gr",
    "category": "Ahumados",
    "url": "https://tienda.consum.es/es/p/banderilla-anchoa-y-boqueron/7202661",
    "price": 2.49,
    "reference_price": 26.21,
    "iva": 10,
    "reference_unit": "1 Kg",
    "date": "2023-01-17"
  },
  {
    "id": 11620,
    "name": "Cabello de Angel Lata HIDA",
    "description": "Cabello de Angel Lata 520 Gr",
    "category": "Frutas en almíbar y en su jugo",
    "url": "https://tienda.consum.es/es/p/cabello-de-angel-lata/7207020",
    "price": 2.2,
    "reference_price": 4.23,
    "iva": 10,
    "reference_unit": "1 Kg",
    "date": "2023-01-17"
  },
  {
    "id": 11622,
    "name": "Cocktail de Frutas Lata SOL ARCHENA",
    "description": "Cocktail de Frutas Lata 480 Gr",
    "category": "Frutas en almíbar y en su jugo",
    "url": "https://tienda.consum.es/es/p/cocktail-de-frutas-lata/7207798",
    "price": 2.39,
    "reference_price": 4.98,
    "iva": 10,
    "reference_unit": "1 Kg",
    "date": "2023-01-17"
  },
  {
    "id": 11630,
    "name": "Brazo de Trufa ",
    "description": "Brazo de Trufa 500 Gr",
    "category": "Tartas ",
    "url": "https://tienda.consum.es/es/p/brazo-de-trufa/7215275",
    "price": 5.99,
    "reference_price": 11.98,
    "iva": 10,
    "reference_unit": "1 Kg",
    "date": "2023-01-17"
  },
  {
    "id": 11631,
    "name": "Brazo de Yema ",
    "description": "Brazo de Yema 500 Gr",
    "category": "Tartas ",
    "url": "https://tienda.consum.es/es/p/brazo-de-yema/7215288",
    "price": 5.99,
    "reference_price": 11.98,
    "iva": 10,
    "reference_unit": "1 Kg",
    "date": "2023-01-17"
  },
  {
    "id": 11632,
    "name": "Trufas Heladas 12 Unidades ",
    "description": "Trufas Heladas 12 Unidades 192 Gr",
    "category": "Repostería ",
    "url": "https://tienda.consum.es/es/p/trufas-heladas-12-unidades/7215309",
    "price": 5.49,
    "reference_price": 28.59,
    "iva": 10,
    "reference_unit": "1 Kg",
    "date": "2023-01-17"
  },
  {
    "id": 11639,
    "name": "Cubo Súper Fácil VILEDA",
    "description": "Cubo Súper Fácil 1 U",
    "category": "Cubos y barreños",
    "url": "https://tienda.consum.es/es/p/cubo-super-facil/7219090",
    "price": 11.5,
    "reference_price": 11.5,
    "iva": 21,
    "reference_unit": "1 U",
    "date": "2023-01-17"
  },
  {
    "id": 11640,
    "name": "Desenredante Kids CONSUM KIDS",
    "description": "Desenredante Kids 250 ml",
    "category": "Acondicionadores",
    "url": "https://tienda.consum.es/es/p/desenredante-kids/7219173",
    "price": 1.7,
    "reference_price": 0.68,
    "iva": 21,
    "reference_unit": "100 ml",
    "date": "2023-01-17"
  },
  {
    "id": 11643,
    "name": "Lionesas de Nata 10 Unidades ",
    "description": "Lionesas de Nata 10 Unidades 250 Gr",
    "category": "Repostería ",
    "url": "https://tienda.consum.es/es/p/lionesas-de-nata-10-unidades/7221856",
    "price": 4.99,
    "reference_price": 19.96,
    "iva": 10,
    "reference_unit": "1 Kg",
    "date": "2023-01-17"
  },
  {
    "id": 11644,
    "name": "Tarta San Marcos ",
    "description": "Tarta San Marcos 1 Kg",
    "category": "Tartas ",
    "url": "https://tienda.consum.es/es/p/tarta-san-marcos/7221864",
    "price": 7.25,
    "reference_price": 7.25,
    "iva": 10,
    "reference_unit": "1 Kg",
    "date": "2023-01-17"
  },
  {
    "id": 11645,
    "name": "Tarta Nutela ",
    "description": "Tarta Nutela 475 Gr",
    "category": "Tartas ",
    "url": "https://tienda.consum.es/es/p/tarta-nutela/7221872",
    "price": 7.49,
    "reference_price": 15.77,
    "iva": 10,
    "reference_unit": "1 Kg",
    "date": "2023-01-17"
  },
  {
    "id": 11646,
    "name": "Ginebra M.MILLER´S",
    "description": "Ginebra 0,7 L",
    "category": "Licores y vermouth",
    "url": "https://tienda.consum.es/es/p/ginebra/7222057",
    "price": 25.9,
    "reference_price": 37,
    "iva": 21,
    "reference_unit": "1 L",
    "date": "2023-01-17"
  },
  {
    "id": 11648,
    "name": "Anillas a la Romana Rebozadas al Huevo AGUINAMAR",
    "description": "Anillas a la Romana Rebozadas al Huevo 210 Gr",
    "category": "Surimis y salazones",
    "url": "https://tienda.consum.es/es/p/anillas-a-la-romana-rebozadas-al-huevo/7222578",
    "price": 4.25,
    "reference_price": 20.24,
    "iva": 10,
    "reference_unit": "1 Kg",
    "date": "2023-01-17"
  },
  {
    "id": 11651,
    "name": "Tarta Bombón ",
    "description": "Tarta Bombón 1 Kg",
    "category": "Tartas ",
    "url": "https://tienda.consum.es/es/p/tarta-bombon/7222771",
    "price": 10.9,
    "reference_price": 10.9,
    "iva": 10,
    "reference_unit": "1 Kg",
    "date": "2023-01-17"
  },
  {
    "id": 11656,
    "name": "Banderilla Gildas BRUIMAR",
    "description": "Banderilla Gildas 95 Gr",
    "category": "Ahumados",
    "url": "https://tienda.consum.es/es/p/banderilla-gildas/7225415",
    "price": 2.49,
    "reference_price": 26.21,
    "iva": 10,
    "reference_unit": "1 Kg",
    "date": "2023-01-17"
  },
  {
    "id": 11657,
    "name": "Pastel Sara ",
    "description": "Pastel Sara 125 Gr",
    "category": "Repostería ",
    "url": "https://tienda.consum.es/es/p/pastel-sara/7225597",
    "price": 2.39,
    "reference_price": 19.12,
    "iva": 10,
    "reference_unit": "1 Kg",
    "date": "2023-01-17"
  },
  {
    "id": 11662,
    "name": "Mojama de Atún Selección ANGOMAR",
    "description": "Mojama de Atún Selección",
    "category": "Surimis y salazones",
    "url": "https://tienda.consum.es/es/p/mojama-de-atun-seleccion/7226129",
    "price": 9.3,
    "reference_price": 46.5,
    "iva": 10,
    "reference_unit": "1 Kg",
    "date": "2023-01-17"
  },
  {
    "id": 11663,
    "name": "Papilla 8 Cereales NESTLE",
    "description": "Papilla 8 Cereales 600 Gr",
    "category": "Alimentación infantil",
    "url": "https://tienda.consum.es/es/p/papilla-8-cereales/7226330",
    "price": 3.95,
    "reference_price": 6.58,
    "iva": 10,
    "reference_unit": "1 Kg",
    "date": "2023-01-17"
  },
  {
    "id": 11666,
    "name": "Whisky Scotch J&B",
    "description": "Whisky Scotch 1 L",
    "category": "Licores y vermouth",
    "url": "https://tienda.consum.es/es/p/whisky-scotch/7228505",
    "price": 17.5,
    "reference_price": 17.5,
    "iva": 21,
    "reference_unit": "1 L",
    "date": "2023-01-17"
  },
  {
    "id": 11667,
    "name": "Huevas de Trucha ROYAL",
    "description": "Huevas de Trucha 50 Gr",
    "category": "Surimis y salazones",
    "url": "https://tienda.consum.es/es/p/huevas-de-trucha/7230402",
    "price": 4.99,
    "reference_price": 99.8,
    "iva": 10,
    "reference_unit": "1 Kg",
    "date": "2023-01-17"
  },
  {
    "id": 11668,
    "name": "Solomillo de Salmón Ahumado LA BALINESA",
    "description": "Solomillo de Salmón Ahumado 150 Gr",
    "category": "Ahumados",
    "url": "https://tienda.consum.es/es/p/solomillo-de-salmon-ahumado/7230894",
    "price": 8.79,
    "reference_price": 58.6,
    "iva": 10,
    "reference_unit": "1 Kg",
    "date": "2023-01-17"
  },
  {
    "id": 11674,
    "name": "Ginebra Valenciana 69 BROSSES",
    "description": "Ginebra Valenciana 0,7 L",
    "category": "Licores y vermouth",
    "url": "https://tienda.consum.es/es/p/ginebra-valenciana/7232411",
    "price": 13.9,
    "reference_price": 19.86,
    "iva": 21,
    "reference_unit": "1 L",
    "date": "2023-01-17"
  },
  {
    "id": 11675,
    "name": "Dulce Boniato Lata PELLI",
    "description": "Dulce Boniato Lata 850 Gr",
    "category": "Frutas en almíbar y en su jugo",
    "url": "https://tienda.consum.es/es/p/dulce-boniato-lata/7232460",
    "price": 3.8,
    "reference_price": 4.47,
    "iva": 10,
    "reference_unit": "1 Kg",
    "date": "2023-01-17"
  },
  {
    "id": 11678,
    "name": "Polen Tarro R.APICOLA",
    "description": "Polen Tarro 230 Gr",
    "category": "Miel",
    "url": "https://tienda.consum.es/es/p/polen-tarro/7232705",
    "price": 6.45,
    "reference_price": 28.04,
    "iva": 10,
    "reference_unit": "1 Kg",
    "date": "2023-01-17"
  },
  {
    "id": 11681,
    "name": "Pera Almíbar SOL ARCHENA",
    "description": "Pera Almíbar 480 Gr",
    "category": "Frutas en almíbar y en su jugo",
    "url": "https://tienda.consum.es/es/p/pera-almibar/7234540",
    "price": 2.39,
    "reference_price": 5.2,
    "iva": 10,
    "reference_unit": "1 Kg",
    "date": "2023-01-17"
  },
  {
    "id": 11682,
    "name": "Tarta de Almendra ",
    "description": "Tarta de Almendra 400 Gr",
    "category": "Cocas y bizcochos",
    "url": "https://tienda.consum.es/es/p/tarta-de-almendra/7235310",
    "price": 5.19,
    "reference_price": 12.98,
    "iva": 10,
    "reference_unit": "1 Kg",
    "date": "2023-01-17"
  },
  {
    "id": 11684,
    "name": "Vino Blanco Alma Mística D.O.Valencia MURVIEDRO",
    "description": "Vino Blanco Alma Mística D.O.Valencia 0,75 L",
    "category": "Vinos d.o",
    "url": "https://tienda.consum.es/es/p/vino-blanco-alma-mistica-dovalencia/7236748",
    "price": 4.25,
    "reference_price": 5.67,
    "iva": 21,
    "reference_unit": "1 L",
    "date": "2023-01-17"
  },
  {
    "id": 11686,
    "name": "Anís Dulce CASTELLANA",
    "description": "Anís Dulce 0,7 L",
    "category": "Licores y vermouth",
    "url": "https://tienda.consum.es/es/p/anis-dulce/7237183",
    "price": 8.49,
    "reference_price": 12.13,
    "iva": 21,
    "reference_unit": "1 L",
    "date": "2023-01-17"
  },
  {
    "id": 11691,
    "name": "Ron Elixir CALIBRE 38",
    "description": "Ron Elixir 0,7 L",
    "category": "Licores y vermouth",
    "url": "https://tienda.consum.es/es/p/ron-elixir/7237907",
    "price": 7.29,
    "reference_price": 10.41,
    "iva": 21,
    "reference_unit": "1 L",
    "date": "2023-01-17"
  },
  {
    "id": 11692,
    "name": "Licor Vodka Violet SHARUSKA",
    "description": "Licor Vodka Violet 0,7 L",
    "category": "Licores y vermouth",
    "url": "https://tienda.consum.es/es/p/licor-vodka-violet/7237915",
    "price": 6,
    "reference_price": 8.57,
    "iva": 21,
    "reference_unit": "1 L",
    "date": "2023-01-17"
  },
  {
    "id": 11693,
    "name": "Ron Añejo Dominicano 5 Años CALIBRE 38",
    "description": "Ron Añejo Dominicano 5 Años 0,7 L",
    "category": "Licores y vermouth",
    "url": "https://tienda.consum.es/es/p/ron-anejo-dominicano-5-anos/7237923",
    "price": 7.79,
    "reference_price": 11.13,
    "iva": 21,
    "reference_unit": "1 L",
    "date": "2023-01-17"
  },
  {
    "id": 11694,
    "name": "Ron Caramelo CALIBRE 38",
    "description": "Ron Caramelo 0,7 L",
    "category": "Licores y vermouth",
    "url": "https://tienda.consum.es/es/p/ron-caramelo/7237928",
    "price": 5.99,
    "reference_price": 8.56,
    "iva": 21,
    "reference_unit": "1 L",
    "date": "2023-01-17"
  },
  {
    "id": 11695,
    "name": "Vodka Caramelo SHARUSKA",
    "description": "Vodka Caramelo 0,7 L",
    "category": "Licores y vermouth",
    "url": "https://tienda.consum.es/es/p/vodka-caramelo/7237931",
    "price": 6,
    "reference_price": 8.57,
    "iva": 21,
    "reference_unit": "1 L",
    "date": "2023-01-17"
  },
  {
    "id": 11696,
    "name": "Licor Hierbas JAKE MATE",
    "description": "Licor Hierbas 0,7 L",
    "category": "Licores y vermouth",
    "url": "https://tienda.consum.es/es/p/licor-hierbas/7237949",
    "price": 9.99,
    "reference_price": 14.27,
    "iva": 21,
    "reference_unit": "1 L",
    "date": "2023-01-17"
  },
  {
    "id": 11697,
    "name": "Ron Miel Botella CALIBRE 38",
    "description": "Ron Miel Botella 0,7 L",
    "category": "Licores y vermouth",
    "url": "https://tienda.consum.es/es/p/ron-miel-botella/7238348",
    "price": 5.99,
    "reference_price": 8.56,
    "iva": 21,
    "reference_unit": "1 L",
    "date": "2023-01-17"
  },
  {
    "id": 11699,
    "name": "Licor Vodka Black SHARUSKA",
    "description": "Licor Vodka Black 0,7 L",
    "category": "Licores y vermouth",
    "url": "https://tienda.consum.es/es/p/licor-vodka-black/7239684",
    "price": 6,
    "reference_price": 8.57,
    "iva": 21,
    "reference_unit": "1 L",
    "date": "2023-01-17"
  },
  {
    "id": 11703,
    "name": "Ginebra Strawberry P.DE INDIAS",
    "description": "Ginebra Strawberry 0,7 L",
    "category": "Licores y vermouth",
    "url": "https://tienda.consum.es/es/p/ginebra-strawberry/7243939",
    "price": 16.45,
    "reference_price": 23.5,
    "iva": 21,
    "reference_unit": "1 L",
    "date": "2023-01-17"
  },
  {
    "id": 11704,
    "name": "Terrón de Azúcar Blanco AZUCARERA",
    "description": "Terrón de Azúcar Blanco 500 Gr",
    "category": "Azúcar",
    "url": "https://tienda.consum.es/es/p/terron-de-azucar-blanco/7246221",
    "price": 1.29,
    "reference_price": 2.58,
    "iva": 10,
    "reference_unit": "1 Kg",
    "date": "2023-01-17"
  },
  {
    "id": 11712,
    "name": "Aperitivo APEROL",
    "description": "Aperitivo 0,7 L",
    "category": "Licores y vermouth",
    "url": "https://tienda.consum.es/es/p/aperitivo/7247617",
    "price": 12.2,
    "reference_price": 17.43,
    "iva": 21,
    "reference_unit": "1 L",
    "date": "2023-01-17"
  },
  {
    "id": 11715,
    "name": "Colonia Femenina Nº1 Mini CARAVAN",
    "description": "Colonia Femenina Nº1 Mini 30 ml",
    "category": "Femeninas",
    "url": "https://tienda.consum.es/es/p/colonia-femenina-n1-mini/7248594",
    "price": 3.5,
    "reference_price": 11.67,
    "iva": 21,
    "reference_unit": "100 ml",
    "date": "2023-01-17"
  },
  {
    "id": 11716,
    "name": "Colonia Femenina Nº24 Mini CARAVAN",
    "description": "Colonia Femenina Nº24 Mini 30 ml",
    "category": "Femeninas",
    "url": "https://tienda.consum.es/es/p/colonia-femenina-n24-mini/7248651",
    "price": 3.5,
    "reference_price": 11.67,
    "iva": 21,
    "reference_unit": "100 ml",
    "date": "2023-01-17"
  },
  {
    "id": 11717,
    "name": "Colonia Femenina Nº30 MIni CARAVAN",
    "description": "Colonia Femenina Nº30 MIni 30 ml",
    "category": "Femeninas",
    "url": "https://tienda.consum.es/es/p/colonia-femenina-n30-mini/7248669",
    "price": 3.5,
    "reference_price": 11.67,
    "iva": 21,
    "reference_unit": "100 ml",
    "date": "2023-01-17"
  },
  {
    "id": 11718,
    "name": "Colonia Femenina Nº82 Mini CARAVAN",
    "description": "Colonia Femenina Nº82 Mini 30 ml",
    "category": "Femeninas",
    "url": "https://tienda.consum.es/es/p/colonia-femenina-n82-mini/7248672",
    "price": 3.5,
    "reference_price": 11.67,
    "iva": 21,
    "reference_unit": "100 ml",
    "date": "2023-01-17"
  },
  {
    "id": 11719,
    "name": "Colonia Femenina Nº35 Mini CARAVAN",
    "description": "Colonia Femenina Nº35 Mini 30 ml",
    "category": "Femeninas",
    "url": "https://tienda.consum.es/es/p/colonia-femenina-n35-mini/7248677",
    "price": 3.5,
    "reference_price": 11.67,
    "iva": 21,
    "reference_unit": "100 ml",
    "date": "2023-01-17"
  },
  {
    "id": 11722,
    "name": "Colonia Femenina Nº43 Mini CARAVAN",
    "description": "Colonia Femenina Nº43 Mini 30 ml",
    "category": "Femeninas",
    "url": "https://tienda.consum.es/es/p/colonia-femenina-n43-mini/7249258",
    "price": 3.5,
    "reference_price": 11.67,
    "iva": 21,
    "reference_unit": "100 ml",
    "date": "2023-01-17"
  },
  {
    "id": 11723,
    "name": "Colonia Masculina Nº66 Mini CARAVAN",
    "description": "Colonia Masculina Nº66 Mini 30 ml",
    "category": "Masculinas",
    "url": "https://tienda.consum.es/es/p/colonia-masculina-n66-mini/7249308",
    "price": 3.5,
    "reference_price": 11.67,
    "iva": 21,
    "reference_unit": "100 ml",
    "date": "2023-01-17"
  },
  {
    "id": 11725,
    "name": "Cerveza Artesana Botellín BORINOT",
    "description": "Cerveza Artesana Botellín 0,33 L",
    "category": "Especialidades",
    "url": "https://tienda.consum.es/es/p/cerveza-artesana-botellin/7249816",
    "price": 1.25,
    "reference_price": 3.79,
    "iva": 21,
    "reference_unit": "1 L",
    "date": "2023-01-17"
  },
  {
    "id": 11730,
    "name": "Champú Clásico KYREY",
    "description": "Champú Clásico 400 ml",
    "category": "Champú",
    "url": "https://tienda.consum.es/es/p/champu-clasico/7252000",
    "price": 1.55,
    "reference_price": 0.39,
    "iva": 21,
    "reference_unit": "100 ml",
    "date": "2023-01-17"
  },
  {
    "id": 11735,
    "name": "Cheesecake Oreo ",
    "description": "Cheesecake Oreo 350 Gr",
    "category": "Tartas ",
    "url": "https://tienda.consum.es/es/p/cheesecake-oreo/7252773",
    "price": 6.75,
    "reference_price": 19.29,
    "iva": 10,
    "reference_unit": "1 Kg",
    "date": "2023-01-17"
  },
  {
    "id": 11740,
    "name": "Ginebra Rosé LARIOS",
    "description": "Ginebra Rosé 0,7 L",
    "category": "Licores y vermouth",
    "url": "https://tienda.consum.es/es/p/ginebra-rose/7254217",
    "price": 14.5,
    "reference_price": 20.71,
    "iva": 21,
    "reference_unit": "1 L",
    "date": "2023-01-17"
  },
  {
    "id": 11741,
    "name": "Licor Crema de Arroz 5FANECADES",
    "description": "Licor Crema de Arroz 0,7 L",
    "category": "Licores y vermouth",
    "url": "https://tienda.consum.es/es/p/licor-crema-de-arroz/7254220",
    "price": 10.5,
    "reference_price": 15,
    "iva": 21,
    "reference_unit": "1 L",
    "date": "2023-01-17"
  },
  {
    "id": 11742,
    "name": "Colonia Nº1 Azahar Aguas de V&L V&L",
    "description": "Colonia Nº1 Azahar Aguas de V&L 150 ml",
    "category": "Femeninas",
    "url": "https://tienda.consum.es/es/p/colonia-n1-azahar-aguas-de-vl/7254592",
    "price": 9.9,
    "reference_price": 6.6,
    "iva": 21,
    "reference_unit": "100 ml",
    "date": "2023-01-17"
  },
  {
    "id": 11743,
    "name": "Colonia Nº3 Hiedra Aguas de V&L V&L",
    "description": "Colonia Nº3 Hiedra Aguas de V&L 150 ml",
    "category": "Femeninas",
    "url": "https://tienda.consum.es/es/p/colonia-n3-hiedra-aguas-de-vl/7254600",
    "price": 9.9,
    "reference_price": 6.6,
    "iva": 21,
    "reference_unit": "100 ml",
    "date": "2023-01-17"
  },
  {
    "id": 11762,
    "name": "Tarrina Turrón con Trozos y Almendras 500 Ml. MENORQUINA",
    "description": "Tarrina Turrón con Trozos y Almendras 500 Ml. 350 Gr",
    "category": "Tarrinas",
    "url": "https://tienda.consum.es/es/p/tarrina-turron-con-trozos-y-almendras-500-ml/7259591",
    "price": 4.69,
    "reference_price": 13.4,
    "iva": 10,
    "reference_unit": "1 Kg",
    "date": "2023-01-17"
  },
  {
    "id": 11763,
    "name": "Pila Litio Botón CR 2032 ENERGIZER",
    "description": "Pila Litio Botón CR 2032 2 U",
    "category": "Electricidad, pilas y bombillas",
    "url": "https://tienda.consum.es/es/p/pila-litio-boton-cr-2032/7260185",
    "price": 4.69,
    "reference_price": 2.35,
    "iva": 21,
    "reference_unit": "1 U",
    "date": "2023-01-17"
  },
  {
    "id": 11766,
    "name": "Pan Rebanado Redondo ",
    "description": "Pan Rebanado Redondo 590 Gr",
    "category": "Pan de molde y rebanado",
    "url": "https://tienda.consum.es/es/p/pan-rebanado-redondo/7260425",
    "price": 1.99,
    "reference_price": 3.37,
    "iva": 10,
    "reference_unit": "1 Kg",
    "date": "2023-01-17"
  },
  {
    "id": 11769,
    "name": "Tortas Saladas Chipi ",
    "description": "Tortas Saladas Chipi 125 Gr",
    "category": "Rosquilletas, picos y snacks",
    "url": "https://tienda.consum.es/es/p/tortas-saladas-chipi/7260461",
    "price": 1.99,
    "reference_price": 15.92,
    "iva": 10,
    "reference_unit": "1 Kg",
    "date": "2023-01-17"
  },
  {
    "id": 11770,
    "name": "Boquerón Cantábrico Ajo,Oliva y Perejil BRUIMAR",
    "description": "Boquerón Cantábrico Ajo,Oliva y Perejil 100 Gr",
    "category": "Surimis y salazones",
    "url": "https://tienda.consum.es/es/p/boqueron-cantabrico-ajooliva-y-perejil/7260839",
    "price": 4.15,
    "reference_price": 41.5,
    "iva": 10,
    "reference_unit": "1 Kg",
    "date": "2023-01-17"
  },
  {
    "id": 11776,
    "name": "Mermelada Arándano Arándano VIEJA FABRIC",
    "description": "Mermelada Arándano Arándano 285 Gr",
    "category": "Mermeladas y confituras",
    "url": "https://tienda.consum.es/es/p/mermelada-arandano-arandano/7263101",
    "price": 2.65,
    "reference_price": 9.3,
    "iva": 10,
    "reference_unit": "1 Kg",
    "date": "2023-01-17"
  },
  {
    "id": 11781,
    "name": "Carajillo de Ron 3 COLORES",
    "description": "Carajillo de Ron 0,7 L",
    "category": "Licores y vermouth",
    "url": "https://tienda.consum.es/es/p/carajillo-de-ron/7264406",
    "price": 9.49,
    "reference_price": 13.56,
    "iva": 21,
    "reference_unit": "1 L",
    "date": "2023-01-17"
  },
  {
    "id": 11787,
    "name": "Whisky Bourbon BOWL.GREEN",
    "description": "Whisky Bourbon 0,7 L",
    "category": "Licores y vermouth",
    "url": "https://tienda.consum.es/es/p/whisky-bourbon/7265515",
    "price": 9.15,
    "reference_price": 13.07,
    "iva": 21,
    "reference_unit": "1 L",
    "date": "2023-01-17"
  },
  {
    "id": 11794,
    "name": "Mi Primera Galleta sin Gluten HERO",
    "description": "Mi Primera Galleta sin Gluten 180 Gr",
    "category": "Galletas",
    "url": "https://tienda.consum.es/es/p/mi-primera-galleta-sin-gluten/7266120",
    "price": 1.99,
    "reference_price": 11.06,
    "iva": 10,
    "reference_unit": "1 Kg",
    "date": "2023-01-17"
  },
  {
    "id": 11834,
    "name": "Ron Añejo CALIBRE 38",
    "description": "Ron Añejo 1 L",
    "category": "Licores y vermouth",
    "url": "https://tienda.consum.es/es/p/ron-anejo/7272979",
    "price": 7.5,
    "reference_price": 7.5,
    "iva": 21,
    "reference_unit": "1 L",
    "date": "2023-01-17"
  },
  {
    "id": 11836,
    "name": "Ginebra Premium BULLDOG",
    "description": "Ginebra Premium 0,7 L",
    "category": "Licores y vermouth",
    "url": "https://tienda.consum.es/es/p/ginebra-premium/7273142",
    "price": 23.5,
    "reference_price": 33.57,
    "iva": 21,
    "reference_unit": "1 L",
    "date": "2023-01-17"
  },
  {
    "id": 11841,
    "name": "Pechuga de Pavo ELPOZO",
    "description": "Pechuga de Pavo 300 Gr",
    "category": "Fiambres ave",
    "url": "https://tienda.consum.es/es/p/pechuga-de-pavo/7273993",
    "price": 2,
    "reference_price": 6.67,
    "iva": 10,
    "reference_unit": "1 Kg",
    "date": "2023-01-17"
  },
  {
    "id": 11848,
    "name": "Natillas Caseras ROYAL",
    "description": "Natillas Caseras 100 Gr",
    "category": "Repostería para preparar",
    "url": "https://tienda.consum.es/es/p/natillas-caseras/302588",
    "price": 1.45,
    "reference_price": 14.5,
    "iva": 10,
    "reference_unit": "1 Kg",
    "date": "2023-01-17"
  },
  {
    "id": 11850,
    "name": "Colorantes Alimentarios Pasteleria VAHINE",
    "description": "Colorantes Alimentarios Pasteleria 3 x 6 ml",
    "category": "Repostería para preparar",
    "url": "https://tienda.consum.es/es/p/colorantes-alimentarios-pasteleria/314377",
    "price": 2.65,
    "reference_price": 14.72,
    "iva": 10,
    "reference_unit": "100 ml",
    "date": "2023-01-17"
  },
  {
    "id": 11853,
    "name": "Azúcar Avainillada Tarro VAHINE",
    "description": "Azúcar Avainillada Tarro 90 Gr",
    "category": "Repostería para preparar",
    "url": "https://tienda.consum.es/es/p/azucar-avainillada-tarro/314567",
    "price": 2.09,
    "reference_price": 23.22,
    "iva": 10,
    "reference_unit": "1 Kg",
    "date": "2023-01-17"
  },
  {
    "id": 11854,
    "name": "Gelatina Sin Sabor VAHINE",
    "description": "Gelatina Sin Sabor 17 Gr",
    "category": "Repostería para preparar",
    "url": "https://tienda.consum.es/es/p/gelatina-sin-sabor/314716",
    "price": 2.15,
    "reference_price": 12.65,
    "iva": 10,
    "reference_unit": "100 Gr",
    "date": "2023-01-17"
  },
  {
    "id": 11855,
    "name": "Almendras Laminadas VAHINE",
    "description": "Almendras Laminadas 125 Gr",
    "category": "Repostería para preparar",
    "url": "https://tienda.consum.es/es/p/almendras-laminadas/314732",
    "price": 3.51,
    "reference_price": 28.08,
    "iva": 0,
    "reference_unit": "1 Kg",
    "date": "2023-01-17"
  },
  {
    "id": 11856,
    "name": "Almendras Molidas VAHINE",
    "description": "Almendras Molidas 125 Gr",
    "category": "Repostería para preparar",
    "url": "https://tienda.consum.es/es/p/almendras-molidas/314757",
    "price": 3.51,
    "reference_price": 28.08,
    "iva": 0,
    "reference_unit": "1 Kg",
    "date": "2023-01-17"
  },
  {
    "id": 11857,
    "name": "Crocanti de Almendra VAHINÉ",
    "description": "Crocanti de Almendra 125 Gr",
    "category": "Repostería para preparar",
    "url": "https://tienda.consum.es/es/p/crocanti-de-almendra/314773",
    "price": 3.65,
    "reference_price": 29.2,
    "iva": 10,
    "reference_unit": "1 Kg",
    "date": "2023-01-17"
  },
  {
    "id": 11858,
    "name": "Coco Rallado VAHINE",
    "description": "Coco Rallado 115 Gr",
    "category": "Repostería para preparar",
    "url": "https://tienda.consum.es/es/p/coco-rallado/314781",
    "price": 2.26,
    "reference_price": 19.65,
    "iva": 0,
    "reference_unit": "1 Kg",
    "date": "2023-01-17"
  },
  {
    "id": 11859,
    "name": "Levadura de Panadería 4 Sobres VAHINE",
    "description": "Levadura de Panadería 4 Sobres 4,6 Gr",
    "category": "Harinas y levaduras",
    "url": "https://tienda.consum.es/es/p/levadura-de-panaderia-4-sobres/314823",
    "price": 1.79,
    "reference_price": 38.91,
    "iva": 10,
    "reference_unit": "100 Gr",
    "date": "2023-01-17"
  },
  {
    "id": 11860,
    "name": "Caramelo Líquido Botella ROYAL",
    "description": "Caramelo Líquido Botella 400 Gr",
    "category": "Repostería para preparar",
    "url": "https://tienda.consum.es/es/p/caramelo-liquido-botella/356105",
    "price": 2.89,
    "reference_price": 7.23,
    "iva": 10,
    "reference_unit": "1 Kg",
    "date": "2023-01-17"
  },
  {
    "id": 11861,
    "name": "Flan de Vainilla 6 Sobres POTAX",
    "description": "Flan de Vainilla 6 Sobres 192 Gr",
    "category": "Repostería para preparar",
    "url": "https://tienda.consum.es/es/p/flan-de-vainilla-6-sobres/356170",
    "price": 1.25,
    "reference_price": 6.51,
    "iva": 10,
    "reference_unit": "1 Kg",
    "date": "2023-01-17"
  },
  {
    "id": 11863,
    "name": "Absorbe Olor Lavanda GLADE",
    "description": "Absorbe Olor Lavanda 2 U",
    "category": "Absorbe olores y antihumedad",
    "url": "https://tienda.consum.es/es/p/absorbe-olor-lavanda/400481",
    "price": 5.07,
    "reference_price": 2.54,
    "iva": 21,
    "reference_unit": "1 U",
    "date": "2023-01-17"
  },
  {
    "id": 11864,
    "name": "Desatascador Baño Líquido FORZA",
    "description": "Desatascador Baño Líquido 1 L",
    "category": "Limpieza hogar",
    "url": "https://tienda.consum.es/es/p/desatascador-bano-liquido/415976",
    "price": 7.99,
    "reference_price": 7.99,
    "iva": 21,
    "reference_unit": "1 L",
    "date": "2023-01-17"
  },
  {
    "id": 11865,
    "name": "Limpiador Multiusos GLASSEX",
    "description": "Limpiador Multiusos 0,75 L",
    "category": "Limpieza hogar",
    "url": "https://tienda.consum.es/es/p/limpiador-multiusos/416149",
    "price": 2.99,
    "reference_price": 3.99,
    "iva": 21,
    "reference_unit": "1 L",
    "date": "2023-01-17"
  },
  {
    "id": 11866,
    "name": "Limpiamuebles Jabonoso Madera PRONTO",
    "description": "Limpiamuebles Jabonoso Madera 0,75 L",
    "category": "Limpieza hogar",
    "url": "https://tienda.consum.es/es/p/limpiamuebles-jabonoso-madera/427633",
    "price": 5.35,
    "reference_price": 7.13,
    "iva": 21,
    "reference_unit": "1 L",
    "date": "2023-01-17"
  },
  {
    "id": 11867,
    "name": "Pastel de Queso Caja ROYAL",
    "description": "Pastel de Queso Caja 325 Gr",
    "category": "Repostería para preparar",
    "url": "https://tienda.consum.es/es/p/pastel-de-queso-caja/429605",
    "price": 4.25,
    "reference_price": 13.08,
    "iva": 10,
    "reference_unit": "1 Kg",
    "date": "2023-01-17"
  },
  {
    "id": 11871,
    "name": "Plaquita Felicidades VAHINE",
    "description": "Plaquita Felicidades 1 U",
    "category": "Repostería para preparar",
    "url": "https://tienda.consum.es/es/p/plaquita-felicidades/588558",
    "price": 1.75,
    "reference_price": 1.75,
    "iva": 10,
    "reference_unit": "1 U",
    "date": "2023-01-17"
  },
  {
    "id": 11874,
    "name": "Baked Beans Bote HEINZ",
    "description": "Baked Beans Bote 415 Gr",
    "category": "Conservas",
    "url": "https://tienda.consum.es/es/p/baked-beans-bote/749663",
    "price": 1.75,
    "reference_price": 4.22,
    "iva": 10,
    "reference_unit": "1 Kg",
    "date": "2023-01-17"
  },
  {
    "id": 11876,
    "name": "Litines Caja LA BANDERA",
    "description": "Litines Caja 132 Gr",
    "category": "Harinas y levaduras",
    "url": "https://tienda.consum.es/es/p/litines-caja/943514",
    "price": 1.95,
    "reference_price": 14.77,
    "iva": 10,
    "reference_unit": "1 Kg",
    "date": "2023-01-17"
  },
  {
    "id": 11877,
    "name": "Te Soluble Limón POMPADOUR",
    "description": "Te Soluble Limón 400 Gr",
    "category": "Té",
    "url": "https://tienda.consum.es/es/p/te-soluble-limon/1462969",
    "price": 2.99,
    "reference_price": 7.48,
    "iva": 10,
    "reference_unit": "1 Kg",
    "date": "2023-01-17"
  },
  {
    "id": 11878,
    "name": "Chicles Stick Sabor Menta TRIDENT",
    "description": "Chicles Stick Sabor Menta 13,5 Gr",
    "category": "Chicles, caramelos y gominolas",
    "url": "https://tienda.consum.es/es/p/chicles-stick-sabor-menta/1530955",
    "price": 0.95,
    "reference_price": 7.04,
    "iva": 10,
    "reference_unit": "100 Gr",
    "date": "2023-01-17"
  },
  {
    "id": 11879,
    "name": "Néctar Pera Botella Pet GRANINI",
    "description": "Néctar Pera Botella Pet 1 L",
    "category": "Zumos y néctares no refrigerados",
    "url": "https://tienda.consum.es/es/p/nectar-pera-botella-pet/3317591",
    "price": 2.69,
    "reference_price": 2.69,
    "iva": 21,
    "reference_unit": "1 L",
    "date": "2023-01-17"
  },
  {
    "id": 11882,
    "name": "Laca Cabello Teñido Fijación Fuerte ELNETT",
    "description": "Laca Cabello Teñido Fijación Fuerte 400 ml",
    "category": "Lacas",
    "url": "https://tienda.consum.es/es/p/laca-cabello-tenido-fijacion-fuerte/3744034",
    "price": 7.59,
    "reference_price": 1.9,
    "iva": 21,
    "reference_unit": "100 ml",
    "date": "2023-01-17"
  },
  {
    "id": 11891,
    "name": "Café Descafeinado Espresso Molido VALIENTE",
    "description": "Café Descafeinado Espresso Molido 250 Gr",
    "category": "Café Molido descafeinado",
    "url": "https://tienda.consum.es/es/p/cafe-descafeinado-espresso-molido/7002181",
    "price": 3.99,
    "reference_price": 15.96,
    "iva": 10,
    "reference_unit": "1 Kg",
    "date": "2023-01-17"
  },
  {
    "id": 11898,
    "name": "Antical Eco Frosch 1L Limpiahogar FROSCH",
    "description": "Antical Eco Frosch 1L Limpiahogar 1 L",
    "category": "Limpieza hogar",
    "url": "https://tienda.consum.es/es/p/antical-eco-frosch-1l-limpiahogar/7018138",
    "price": 2.89,
    "reference_price": 2.89,
    "iva": 21,
    "reference_unit": "1 L",
    "date": "2023-01-17"
  },
  {
    "id": 11900,
    "name": "Crema de Leche Vaso cristal NOCILLA",
    "description": "Crema de Leche Vaso cristal 180 Gr",
    "category": "Cremas de desayuno",
    "url": "https://tienda.consum.es/es/p/crema-de-leche-vaso-cristal/7026482",
    "price": 2.19,
    "reference_price": 12.17,
    "iva": 10,
    "reference_unit": "1 Kg",
    "date": "2023-01-17"
  },
  {
    "id": 11905,
    "name": "Caramelos Frutas Bosque SMINT",
    "description": "Caramelos Frutas Bosque 8 Gr",
    "category": "Chicles, caramelos y gominolas",
    "url": "https://tienda.consum.es/es/p/caramelos-frutas-bosque/7042898",
    "price": 1.65,
    "reference_price": 20.63,
    "iva": 10,
    "reference_unit": "100 Gr",
    "date": "2023-01-17"
  },
  {
    "id": 11906,
    "name": "Caramelos Menta SMINT",
    "description": "Caramelos Menta 8 Gr",
    "category": "Chicles, caramelos y gominolas",
    "url": "https://tienda.consum.es/es/p/caramelos-menta/7042906",
    "price": 1.65,
    "reference_price": 20.63,
    "iva": 10,
    "reference_unit": "100 Gr",
    "date": "2023-01-17"
  },
  {
    "id": 11907,
    "name": "Friegasuelos Limón CONSUM",
    "description": "Friegasuelos Limón 1,5 L",
    "category": "Fregasuelos",
    "url": "https://tienda.consum.es/es/p/friegasuelos-limon/7044605",
    "price": 0.95,
    "reference_price": 0.63,
    "iva": 21,
    "reference_unit": "1 L",
    "date": "2023-01-17"
  },
  {
    "id": 11908,
    "name": "Bolitas Multicolores VAHINÉ",
    "description": "Bolitas Multicolores 80 Gr",
    "category": "Repostería para preparar",
    "url": "https://tienda.consum.es/es/p/bolitas-multicolores/7048981",
    "price": 1.99,
    "reference_price": 24.88,
    "iva": 10,
    "reference_unit": "1 Kg",
    "date": "2023-01-17"
  },
  {
    "id": 11910,
    "name": "Perlitas de Chocolate Negro VAHINE",
    "description": "Perlitas de Chocolate Negro 100 Gr",
    "category": "Repostería para preparar",
    "url": "https://tienda.consum.es/es/p/perlitas-de-chocolate-negro/7048999",
    "price": 2.45,
    "reference_price": 24.5,
    "iva": 10,
    "reference_unit": "1 Kg",
    "date": "2023-01-17"
  },
  {
    "id": 11911,
    "name": "Potaje de Lentejas Bote MAMIA",
    "description": "Potaje de Lentejas Bote 400 Gr",
    "category": "Conservas",
    "url": "https://tienda.consum.es/es/p/potaje-de-lentejas-bote/7056620",
    "price": 1.85,
    "reference_price": 4.63,
    "iva": 10,
    "reference_unit": "1 Kg",
    "date": "2023-01-17"
  },
  {
    "id": 11913,
    "name": "Albóndigas de Pollo Bote MAMIA",
    "description": "Albóndigas de Pollo Bote 400 Gr",
    "category": "Conservas",
    "url": "https://tienda.consum.es/es/p/albondigas-de-pollo-bote/7059280",
    "price": 2.19,
    "reference_price": 5.48,
    "iva": 10,
    "reference_unit": "1 Kg",
    "date": "2023-01-17"
  },
  {
    "id": 11914,
    "name": "Queso de Oveja Curado D.O. Manchego Cuña VILLACENTENO",
    "description": "Queso de Oveja Curado D.O. Manchego Cuña 250 Gr",
    "category": "Quesos Curados",
    "url": "https://tienda.consum.es/es/p/queso-de-oveja-curado-do-manchego-cuna/7062508",
    "price": 6.63,
    "reference_price": 26.52,
    "iva": 0,
    "reference_unit": "1 Kg",
    "date": "2023-01-17"
  },
  {
    "id": 11917,
    "name": "Café Grano Mezcla CONSUM",
    "description": "Café Grano Mezcla 1 Kg",
    "category": "Café Grano",
    "url": "https://tienda.consum.es/es/p/cafe-grano-mezcla/7071616",
    "price": 6.95,
    "reference_price": 6.95,
    "iva": 10,
    "reference_unit": "1 Kg",
    "date": "2023-01-17"
  },
  {
    "id": 11920,
    "name": "Zumo Naranja-Mandarina Concentrado Pack de 6 CONSUM",
    "description": "Zumo Naranja-Mandarina Concentrado Pack de 6 6 x 200 ml",
    "category": "Zumos y néctares no refrigerados",
    "url": "https://tienda.consum.es/es/p/zumo-naranja-mandarina-concentrado-pack-de-6/7080190",
    "price": 1.19,
    "reference_price": 0.99,
    "iva": 10,
    "reference_unit": "1 L",
    "date": "2023-01-17"
  },
  {
    "id": 11923,
    "name": "Zumo Naranja Concentrado Pack de 6 DON SIMON",
    "description": "Zumo Naranja Concentrado Pack de 6 6 x 200 ml",
    "category": "Zumos y néctares no refrigerados",
    "url": "https://tienda.consum.es/es/p/zumo-naranja-concentrado-pack-de-6/7082936",
    "price": 1.69,
    "reference_price": 1.41,
    "iva": 10,
    "reference_unit": "1 L",
    "date": "2023-01-17"
  },
  {
    "id": 11927,
    "name": "Actimel Actikids Sabor Fresa-Plátano DANONE",
    "description": "Actimel Actikids Sabor Fresa-Plátano 6 x 100 Gr",
    "category": "L-casei",
    "url": "https://tienda.consum.es/es/p/actimel-actikids-sabor-fresa-platano/7087463",
    "price": 3.79,
    "reference_price": 6.32,
    "iva": 10,
    "reference_unit": "1 Kg",
    "date": "2023-01-17"
  },
  {
    "id": 11928,
    "name": "Azúcar Glas Tarro VAHINÉ",
    "description": "Azúcar Glas Tarro 60 Gr",
    "category": "Repostería para preparar",
    "url": "https://tienda.consum.es/es/p/azucar-glas-tarro/7087757",
    "price": 2.49,
    "reference_price": 41.5,
    "iva": 10,
    "reference_unit": "1 Kg",
    "date": "2023-01-17"
  },
  {
    "id": 11929,
    "name": "Chantilly ROYAL",
    "description": "Chantilly 72 Gr",
    "category": "Repostería para preparar",
    "url": "https://tienda.consum.es/es/p/chantilly/7089758",
    "price": 2.39,
    "reference_price": 33.19,
    "iva": 10,
    "reference_unit": "1 Kg",
    "date": "2023-01-17"
  },
  {
    "id": 11930,
    "name": "Mantequilla Lata IMPERIAL",
    "description": "Mantequilla Lata 250 Gr",
    "category": "Mantequilla y margarina",
    "url": "https://tienda.consum.es/es/p/mantequilla-lata/7089886",
    "price": 4.79,
    "reference_price": 19.16,
    "iva": 10,
    "reference_unit": "1 Kg",
    "date": "2023-01-17"
  },
  {
    "id": 11931,
    "name": "Limpiador Multiusos Oxi Activo ESTRELLA",
    "description": "Limpiador Multiusos Oxi Activo 1,25 L",
    "category": "Limpieza hogar",
    "url": "https://tienda.consum.es/es/p/limpiador-multiusos-oxi-activo/7091671",
    "price": 2.89,
    "reference_price": 2.31,
    "iva": 21,
    "reference_unit": "1 L",
    "date": "2023-01-17"
  },
  {
    "id": 11933,
    "name": "Canela en Rama VAHINE",
    "description": "Canela en Rama 10 Gr",
    "category": "Repostería para preparar",
    "url": "https://tienda.consum.es/es/p/canela-en-rama/7094563",
    "price": 3.15,
    "reference_price": 31.5,
    "iva": 10,
    "reference_unit": "100 Gr",
    "date": "2023-01-17"
  },
  {
    "id": 11935,
    "name": "Lunas Bañadas Cacao CONSUM",
    "description": "Lunas Bañadas Cacao 350 Gr",
    "category": "Bollería industrial",
    "url": "https://tienda.consum.es/es/p/lunas-banadas-cacao/7096530",
    "price": 2.99,
    "reference_price": 8.54,
    "iva": 10,
    "reference_unit": "1 Kg",
    "date": "2023-01-17"
  },
  {
    "id": 11936,
    "name": "Manzanilla con Menta 25 Bolsitas POMPADOUR",
    "description": "Manzanilla con Menta 25 Bolsitas 25 U",
    "category": "Otras infusiones",
    "url": "https://tienda.consum.es/es/p/manzanilla-con-menta-25-bolsitas/7097280",
    "price": 2.25,
    "reference_price": 0.09,
    "iva": 10,
    "reference_unit": "1 U",
    "date": "2023-01-17"
  },
  {
    "id": 11951,
    "name": "Cracker TUC",
    "description": "Cracker 250 Gr",
    "category": "Tostadas y minibiscotes",
    "url": "https://tienda.consum.es/es/p/cracker/7109296",
    "price": 2.75,
    "reference_price": 11,
    "iva": 10,
    "reference_unit": "1 Kg",
    "date": "2023-01-17"
  },
  {
    "id": 11953,
    "name": "Tapioca Caja ROYAL",
    "description": "Tapioca Caja 175 Gr",
    "category": "Pastas",
    "url": "https://tienda.consum.es/es/p/tapioca-caja/7113314",
    "price": 1.8,
    "reference_price": 10.29,
    "iva": 5,
    "reference_unit": "1 Kg",
    "date": "2023-01-17"
  },
  {
    "id": 11956,
    "name": "Caramelo Original FISHERMAN´S",
    "description": "Caramelo Original 60 Gr",
    "category": "Chicles, caramelos y gominolas",
    "url": "https://tienda.consum.es/es/p/caramelo-original/7114887",
    "price": 3.35,
    "reference_price": 55.83,
    "iva": 10,
    "reference_unit": "1 Kg",
    "date": "2023-01-17"
  },
  {
    "id": 11957,
    "name": "Caramelo Menta SMINT",
    "description": "Caramelo Menta 35 Gr",
    "category": "Chicles, caramelos y gominolas",
    "url": "https://tienda.consum.es/es/p/caramelo-menta/7116403",
    "price": 2.25,
    "reference_price": 6.43,
    "iva": 10,
    "reference_unit": "100 Gr",
    "date": "2023-01-17"
  },
  {
    "id": 11959,
    "name": "Hogaza de Pan Tostado 9 Cereales RECONDO",
    "description": "Hogaza de Pan Tostado 9 Cereales 240 Gr",
    "category": "Tostadas y minibiscotes",
    "url": "https://tienda.consum.es/es/p/hogaza-de-pan-tostado-9-cereales/7116994",
    "price": 2.19,
    "reference_price": 9.13,
    "iva": 10,
    "reference_unit": "1 Kg",
    "date": "2023-01-17"
  },
  {
    "id": 11961,
    "name": "Néctar Melocotón Disfrut sin Azúcar Añadido Pack DON SIMON",
    "description": "Néctar Melocotón Disfrut sin Azúcar Añadido Pack 6 x 200 ml",
    "category": "Zumos y néctares sin azúcar",
    "url": "https://tienda.consum.es/es/p/nectar-melocoton-disfrut-sin-azucar-anadido-pack/7119167",
    "price": 1.89,
    "reference_price": 1.58,
    "iva": 21,
    "reference_unit": "1 L",
    "date": "2023-01-17"
  },
  {
    "id": 11969,
    "name": "Multinfusión Valeriana Plus 5 Bolsitas 20 Unid. POMPADOUR",
    "description": "Multinfusión Valeriana Plus 5 Bolsitas 20 Unid. 20 U",
    "category": "Otras infusiones",
    "url": "https://tienda.consum.es/es/p/multinfusion-valeriana-plus-5-bolsitas-20-unid/7134054",
    "price": 2.75,
    "reference_price": 0.14,
    "iva": 10,
    "reference_unit": "1 U",
    "date": "2023-01-17"
  },
  {
    "id": 11971,
    "name": "Preparado para Crepes Botella MAIZENA",
    "description": "Preparado para Crepes Botella 198 Gr",
    "category": "Repostería para preparar",
    "url": "https://tienda.consum.es/es/p/preparado-para-crepes-botella/7141377",
    "price": 2.29,
    "reference_price": 11.57,
    "iva": 10,
    "reference_unit": "1 Kg",
    "date": "2023-01-17"
  },
  {
    "id": 11977,
    "name": "Limpiador Brillante Maderas TENN",
    "description": "Limpiador Brillante Maderas 1,25 L",
    "category": "Limpieza hogar",
    "url": "https://tienda.consum.es/es/p/limpiador-brillante-maderas/7154557",
    "price": 3.99,
    "reference_price": 3.19,
    "iva": 21,
    "reference_unit": "1 L",
    "date": "2023-01-17"
  },
  {
    "id": 11978,
    "name": "Puré de Patatas con Leche MAGGI",
    "description": "Puré de Patatas con Leche 230 Gr",
    "category": "Purés",
    "url": "https://tienda.consum.es/es/p/pure-de-patatas-con-leche/7154995",
    "price": 2.15,
    "reference_price": 9.35,
    "iva": 10,
    "reference_unit": "1 Kg",
    "date": "2023-01-17"
  },
  {
    "id": 11979,
    "name": "Croquetas Artesanas de Jamón Ibérico congeladas LA COCINERA",
    "description": "Croquetas Artesanas de Jamón Ibérico congeladas 400 Gr",
    "category": "Croquetas y empanadillas",
    "url": "https://tienda.consum.es/es/p/croquetas-artesanas-de-jamon-iberico-congeladas/7156180",
    "price": 4.99,
    "reference_price": 12.48,
    "iva": 10,
    "reference_unit": "1 Kg",
    "date": "2023-01-17"
  },
  {
    "id": 11980,
    "name": "Caramelo Fresa SMINT",
    "description": "Caramelo Fresa 35 Gr",
    "category": "Chicles, caramelos y gominolas",
    "url": "https://tienda.consum.es/es/p/caramelo-fresa/7156883",
    "price": 2.25,
    "reference_price": 6.43,
    "iva": 10,
    "reference_unit": "100 Gr",
    "date": "2023-01-17"
  },
  {
    "id": 11982,
    "name": "L Casei Natural Azucarado Pack 12 Ud. CONSUM",
    "description": "L Casei Natural Azucarado Pack 12 Ud. 12 x 100 Gr",
    "category": "L-casei",
    "url": "https://tienda.consum.es/es/p/l-casei-natural-azucarado-pack-12-ud/7157865",
    "price": 2.7,
    "reference_price": 2.25,
    "iva": 10,
    "reference_unit": "1 Kg",
    "date": "2023-01-17"
  },
  {
    "id": 11987,
    "name": "Escalopín de Lomo Tierno ELPOZO",
    "description": "Escalopín de Lomo Tierno 600 Gr",
    "category": "Cerdo",
    "url": "https://tienda.consum.es/es/p/escalopin-de-lomo-tierno/7171973",
    "price": 5.3,
    "reference_price": 8.83,
    "iva": 10,
    "reference_unit": "1 Kg",
    "date": "2023-01-17"
  },
  {
    "id": 11990,
    "name": "Café Soluble Natural Sticks CONSUM",
    "description": "Café Soluble Natural Sticks 10 U",
    "category": "Café Soluble ",
    "url": "https://tienda.consum.es/es/p/cafe-soluble-natural-sticks/7172976",
    "price": 0.9,
    "reference_price": 0.09,
    "iva": 10,
    "reference_unit": "1 U",
    "date": "2023-01-17"
  },
  {
    "id": 11992,
    "name": "Preparado Oreo Cake ROYAL",
    "description": "Preparado Oreo Cake 215 Gr",
    "category": "Repostería para preparar",
    "url": "https://tienda.consum.es/es/p/preparado-oreo-cake/7173826",
    "price": 4.25,
    "reference_price": 19.77,
    "iva": 10,
    "reference_unit": "1 Kg",
    "date": "2023-01-17"
  },
  {
    "id": 11993,
    "name": "Café Monodosis Natural, Caja VALIENTE",
    "description": "Café Monodosis Natural, Caja 14 U",
    "category": "Café en cápsulas",
    "url": "https://tienda.consum.es/es/p/cafe-monodosis-natural-caja/7175144",
    "price": 3.25,
    "reference_price": 0.23,
    "iva": 10,
    "reference_unit": "1 U",
    "date": "2023-01-17"
  },
  {
    "id": 11994,
    "name": "InfuSueños Caja HORNIMANS",
    "description": "InfuSueños Caja 20 U",
    "category": "Otras infusiones",
    "url": "https://tienda.consum.es/es/p/infusuenos-caja/7176303",
    "price": 2.79,
    "reference_price": 0.14,
    "iva": 10,
    "reference_unit": "1 U",
    "date": "2023-01-17"
  },
  {
    "id": 11996,
    "name": "Zumo de Tomate Pack 4 DON SIMON",
    "description": "Zumo de Tomate Pack 4 4 x 200 ml",
    "category": "Zumos y néctares no refrigerados",
    "url": "https://tienda.consum.es/es/p/zumo-de-tomate-pack-4/7180024",
    "price": 1.39,
    "reference_price": 1.74,
    "iva": 10,
    "reference_unit": "1 L",
    "date": "2023-01-17"
  },
  {
    "id": 11998,
    "name": "Harina Fritos Paquete RIO",
    "description": "Harina Fritos Paquete 1 Kg",
    "category": "Harinas y levaduras",
    "url": "https://tienda.consum.es/es/p/harina-fritos-paquete/7181857",
    "price": 1.15,
    "reference_price": 1.15,
    "iva": 0,
    "reference_unit": "1 Kg",
    "date": "2023-01-17"
  },
  {
    "id": 12000,
    "name": "Chicles 60 Minutes Fresh Menta, Pack-3 TRIDENT",
    "description": "Chicles 60 Minutes Fresh Menta, Pack-3 3 x 20 Gr",
    "category": "Chicles, caramelos y gominolas",
    "url": "https://tienda.consum.es/es/p/chicles-60-minutes-fresh-menta-pack-3/7182991",
    "price": 2.45,
    "reference_price": 40.83,
    "iva": 10,
    "reference_unit": "1 Kg",
    "date": "2023-01-17"
  },
  {
    "id": 12001,
    "name": "Tarta Chocolate Milka ROYAL",
    "description": "Tarta Chocolate Milka 350 Gr",
    "category": "Repostería para preparar",
    "url": "https://tienda.consum.es/es/p/tarta-chocolate-milka/7183619",
    "price": 4.25,
    "reference_price": 12.14,
    "iva": 10,
    "reference_unit": "1 Kg",
    "date": "2023-01-17"
  },
  {
    "id": 12002,
    "name": "Bacalao Rebozado congelado FINDUS",
    "description": "Bacalao Rebozado congelado 280 Gr",
    "category": "Congelados y helados",
    "url": "https://tienda.consum.es/es/p/bacalao-rebozado-congelado/7184687",
    "price": 4.99,
    "reference_price": 17.82,
    "iva": 10,
    "reference_unit": "1 Kg",
    "date": "2023-01-17"
  },
  {
    "id": 12003,
    "name": "Puré Patatas Bol MAGGI",
    "description": "Puré Patatas Bol 50 Gr",
    "category": "Purés",
    "url": "https://tienda.consum.es/es/p/pure-patatas-bol/7185952",
    "price": 1.25,
    "reference_price": 25,
    "iva": 10,
    "reference_unit": "1 Kg",
    "date": "2023-01-17"
  },
  {
    "id": 12010,
    "name": "Cono de Golosinas Sin Gluten MIGUELAÑEZ",
    "description": "Cono de Golosinas Sin Gluten 1 U",
    "category": "Gominolas",
    "url": "https://tienda.consum.es/es/p/cono-de-golosinas-sin-gluten/7191679",
    "price": 1.89,
    "reference_price": 1.89,
    "iva": 10,
    "reference_unit": "1 U",
    "date": "2023-01-17"
  },
  {
    "id": 12011,
    "name": "Torta de Aceite CONSUM",
    "description": "Torta de Aceite 180 Gr",
    "category": "Bollería industrial",
    "url": "https://tienda.consum.es/es/p/torta-de-aceite/7192706",
    "price": 1.69,
    "reference_price": 9.39,
    "iva": 10,
    "reference_unit": "1 Kg",
    "date": "2023-01-17"
  },
  {
    "id": 12015,
    "name": "Harina para Rebozar sin Huevo YOLANDA",
    "description": "Harina para Rebozar sin Huevo 500 Gr",
    "category": "Harinas y levaduras",
    "url": "https://tienda.consum.es/es/p/harina-para-rebozar-sin-huevo/7193753",
    "price": 1.85,
    "reference_price": 3.7,
    "iva": 10,
    "reference_unit": "1 Kg",
    "date": "2023-01-17"
  },
  {
    "id": 12017,
    "name": "Pastelito Flaminguitos DULCESOL",
    "description": "Pastelito Flaminguitos 3 Unidades",
    "category": "Bollería industrial",
    "url": "https://tienda.consum.es/es/p/pastelito-flaminguitos/7194533",
    "price": 1,
    "reference_price": 6.06,
    "iva": 10,
    "reference_unit": "1 Kg",
    "date": "2023-01-17"
  },
  {
    "id": 12023,
    "name": "Hogaza de Pan Rústico RECONDO",
    "description": "Hogaza de Pan Rústico 240 Gr",
    "category": "Tostadas y minibiscotes",
    "url": "https://tienda.consum.es/es/p/hogaza-de-pan-rustico/7198807",
    "price": 2.19,
    "reference_price": 9.13,
    "iva": 10,
    "reference_unit": "1 Kg",
    "date": "2023-01-17"
  },
  {
    "id": 12028,
    "name": "L Casei Fresa-Plátano y Galleta Pack 12 ud. CONSUM",
    "description": "L Casei Fresa-Plátano y Galleta Pack 12 ud. 12 x 100 Gr",
    "category": "L-casei",
    "url": "https://tienda.consum.es/es/p/l-casei-fresa-platano-y-galleta-pack-12-ud/7199839",
    "price": 2.7,
    "reference_price": 2.25,
    "iva": 10,
    "reference_unit": "1 Kg",
    "date": "2023-01-17"
  },
  {
    "id": 12032,
    "name": "Fingers congelados LA COCINERA",
    "description": "Fingers congelados 320 Gr",
    "category": "Platos preparados",
    "url": "https://tienda.consum.es/es/p/fingers-congelados/7202781",
    "price": 5.19,
    "reference_price": 16.22,
    "iva": 10,
    "reference_unit": "1 Kg",
    "date": "2023-01-17"
  },
  {
    "id": 12038,
    "name": "Chicle en Grageas Sabor Fresa, Bote ORBIT",
    "description": "Chicle en Grageas Sabor Fresa, Bote 84 Gr",
    "category": "Chicles, caramelos y gominolas",
    "url": "https://tienda.consum.es/es/p/chicle-en-grageas-sabor-fresa-bote/7208689",
    "price": 2.99,
    "reference_price": 35.6,
    "iva": 10,
    "reference_unit": "1 Kg",
    "date": "2023-01-17"
  },
  {
    "id": 12040,
    "name": "Néctar Melocotón Light Botella Pet CONSUM",
    "description": "Néctar Melocotón Light Botella Pet 1 L",
    "category": "Zumos y néctares sin azúcar",
    "url": "https://tienda.consum.es/es/p/nectar-melocoton-light-botella-pet/7209930",
    "price": 1,
    "reference_price": 1,
    "iva": 21,
    "reference_unit": "1 L",
    "date": "2023-01-17"
  },
  {
    "id": 12041,
    "name": "Zumo Exprimido Naranja Sin pulpa - Minibrik CONSUM",
    "description": "Zumo Exprimido Naranja Sin pulpa - Minibrik 3 x 0,2 L",
    "category": "Zumos y néctares no refrigerados",
    "url": "https://tienda.consum.es/es/p/zumo-exprimido-naranja-sin-pulpa---minibrik/7209955",
    "price": 1,
    "reference_price": 1.67,
    "iva": 10,
    "reference_unit": "1 L",
    "date": "2023-01-17"
  },
  {
    "id": 12043,
    "name": "Néctar Melocotón Pet CONSUM",
    "description": "Néctar Melocotón Pet 1 L",
    "category": "Zumos y néctares no refrigerados",
    "url": "https://tienda.consum.es/es/p/nectar-melocoton-pet/7209976",
    "price": 1.19,
    "reference_price": 1.19,
    "iva": 21,
    "reference_unit": "1 L",
    "date": "2023-01-17"
  },
  {
    "id": 12052,
    "name": "Filete Anchoa Cantábrico en Aceite de Oliva BRUIMAR",
    "description": "Filete Anchoa Cantábrico en Aceite de Oliva 95 Gr",
    "category": "Anchoas",
    "url": "https://tienda.consum.es/es/p/filete-anchoa-cantabrico-en-aceite-de-oliva/7213890",
    "price": 6.19,
    "reference_price": 65.16,
    "iva": 10,
    "reference_unit": "1 Kg",
    "date": "2023-01-17"
  },
  {
    "id": 12053,
    "name": "Tortitas Americanas Original Pancake MARY LEE",
    "description": "Tortitas Americanas Original Pancake 156 Gr",
    "category": "Repostería para preparar",
    "url": "https://tienda.consum.es/es/p/tortitas-americanas-original-pancake/7215056",
    "price": 1.39,
    "reference_price": 8.91,
    "iva": 10,
    "reference_unit": "1 Kg",
    "date": "2023-01-17"
  },
  {
    "id": 12056,
    "name": "Albóndigas Estilo Casero CARRETILLA",
    "description": "Albóndigas Estilo Casero 300 Gr",
    "category": "Conservas",
    "url": "https://tienda.consum.es/es/p/albondigas-estilo-casero/7216612",
    "price": 3.15,
    "reference_price": 10.5,
    "iva": 10,
    "reference_unit": "1 Kg",
    "date": "2023-01-17"
  },
  {
    "id": 12057,
    "name": "Fideuá CARRETILLA",
    "description": "Fideuá 250 Gr",
    "category": "Despensa",
    "url": "https://tienda.consum.es/es/p/fideua/7216617",
    "price": 2.65,
    "reference_price": 10.6,
    "iva": 10,
    "reference_unit": "1 Kg",
    "date": "2023-01-17"
  },
  {
    "id": 12058,
    "name": "Paella Marinera CARRETILLA",
    "description": "Paella Marinera 250 Gr",
    "category": "Despensa",
    "url": "https://tienda.consum.es/es/p/paella-marinera/7216620",
    "price": 2.65,
    "reference_price": 10.6,
    "iva": 10,
    "reference_unit": "1 Kg",
    "date": "2023-01-17"
  },
  {
    "id": 12059,
    "name": "Preparado Bizcocho ROYAL",
    "description": "Preparado Bizcocho 375 Gr",
    "category": "Repostería para preparar",
    "url": "https://tienda.consum.es/es/p/preparado-bizcocho/7217235",
    "price": 3.2,
    "reference_price": 8.53,
    "iva": 10,
    "reference_unit": "1 Kg",
    "date": "2023-01-17"
  },
  {
    "id": 12061,
    "name": "Aroma Vainilla VAHINE",
    "description": "Aroma Vainilla 200 ml",
    "category": "Repostería para preparar",
    "url": "https://tienda.consum.es/es/p/aroma-vainilla/7217263",
    "price": 3.99,
    "reference_price": 19.95,
    "iva": 10,
    "reference_unit": "1 L",
    "date": "2023-01-17"
  },
  {
    "id": 12064,
    "name": "Agar-Agar VAHINE",
    "description": "Agar-Agar 8 Gr",
    "category": "Repostería para preparar",
    "url": "https://tienda.consum.es/es/p/agar-agar/7221828",
    "price": 2.79,
    "reference_price": 34.88,
    "iva": 10,
    "reference_unit": "100 Gr",
    "date": "2023-01-17"
  },
  {
    "id": 12065,
    "name": "Chicle Grageado Bubble Mint Pack 4 ORBIT",
    "description": "Chicle Grageado Bubble Mint Pack 4 4 x 14 Gr",
    "category": "Chicles, caramelos y gominolas",
    "url": "https://tienda.consum.es/es/p/chicle-grageado-bubble-mint-pack-4/7221831",
    "price": 2.39,
    "reference_price": 42.68,
    "iva": 10,
    "reference_unit": "1 Kg",
    "date": "2023-01-17"
  },
  {
    "id": 12068,
    "name": "Corazones VAHINE",
    "description": "Corazones 55 Gr",
    "category": "Repostería para preparar",
    "url": "https://tienda.consum.es/es/p/corazones/7221948",
    "price": 2.29,
    "reference_price": 41.64,
    "iva": 10,
    "reference_unit": "1 Kg",
    "date": "2023-01-17"
  },
  {
    "id": 12071,
    "name": "Gelatina Neutra VAHINE",
    "description": "Gelatina Neutra 18 Gr",
    "category": "Repostería para preparar",
    "url": "https://tienda.consum.es/es/p/gelatina-neutra/7221989",
    "price": 1.79,
    "reference_price": 9.94,
    "iva": 10,
    "reference_unit": "100 Gr",
    "date": "2023-01-17"
  },
  {
    "id": 12073,
    "name": "Pepitas Chocolate con Leche VAHINE",
    "description": "Pepitas Chocolate con Leche 100 Gr",
    "category": "Repostería para preparar",
    "url": "https://tienda.consum.es/es/p/pepitas-chocolate-con-leche/7222003",
    "price": 3.85,
    "reference_price": 38.5,
    "iva": 10,
    "reference_unit": "1 Kg",
    "date": "2023-01-17"
  },
  {
    "id": 12078,
    "name": "Velita y Cifras VAHINE",
    "description": "Velita y Cifras 12 U",
    "category": "Repostería para preparar",
    "url": "https://tienda.consum.es/es/p/velita-y-cifras/7222060",
    "price": 2.69,
    "reference_price": 0.22,
    "iva": 21,
    "reference_unit": "1 U",
    "date": "2023-01-17"
  },
  {
    "id": 12080,
    "name": "Queso Semicurado Light Ya Cortado G.BAQUERO",
    "description": "Queso Semicurado Light Ya Cortado 250 Gr",
    "category": "Tiernos y light",
    "url": "https://tienda.consum.es/es/p/queso-semicurado-light-ya-cortado/7223688",
    "price": 4.57,
    "reference_price": 18.28,
    "iva": 0,
    "reference_unit": "1 Kg",
    "date": "2023-01-17"
  },
  {
    "id": 12082,
    "name": "Limpiahogar Oxígeno Activo CONSUM",
    "description": "Limpiahogar Oxígeno Activo 1 L",
    "category": "Limpieza hogar",
    "url": "https://tienda.consum.es/es/p/limpiahogar-oxigeno-activo/7224587",
    "price": 1.35,
    "reference_price": 1.35,
    "iva": 21,
    "reference_unit": "1 L",
    "date": "2023-01-17"
  },
  {
    "id": 12091,
    "name": "Sirope de Fresa Bote HELIOS",
    "description": "Sirope de Fresa Bote 295 Gr",
    "category": "Repostería para preparar",
    "url": "https://tienda.consum.es/es/p/sirope-de-fresa-bote/7226665",
    "price": 1.59,
    "reference_price": 5.39,
    "iva": 10,
    "reference_unit": "1 Kg",
    "date": "2023-01-17"
  },
  {
    "id": 12093,
    "name": "Colgador WC Líquido Pino CONSUM",
    "description": "Colgador WC Líquido Pino 3 U",
    "category": "Limpieza baños",
    "url": "https://tienda.consum.es/es/p/colgador-wc-liquido-pino/7228252",
    "price": 1.79,
    "reference_price": 0.6,
    "iva": 21,
    "reference_unit": "1 U",
    "date": "2023-01-17"
  },
  {
    "id": 12100,
    "name": "Natillas en Polvo con Canela CONSUM",
    "description": "Natillas en Polvo con Canela 125 Gr",
    "category": "Repostería para preparar",
    "url": "https://tienda.consum.es/es/p/natillas-en-polvo-con-canela/7230816",
    "price": 1.49,
    "reference_price": 11.92,
    "iva": 10,
    "reference_unit": "1 Kg",
    "date": "2023-01-17"
  },
  {
    "id": 12103,
    "name": "Sirope de Chocolate Bote HELIOS",
    "description": "Sirope de Chocolate Bote 295 Gr",
    "category": "Repostería para preparar",
    "url": "https://tienda.consum.es/es/p/sirope-de-chocolate-bote/7231173",
    "price": 1.59,
    "reference_price": 5.39,
    "iva": 10,
    "reference_unit": "1 Kg",
    "date": "2023-01-17"
  },
  {
    "id": 12106,
    "name": "Caramelo Tin Limón SMINT",
    "description": "Caramelo Tin Limón 35 Gr",
    "category": "Chicles, caramelos y gominolas",
    "url": "https://tienda.consum.es/es/p/caramelo-tin-limon/7231400",
    "price": 2.25,
    "reference_price": 6.43,
    "iva": 10,
    "reference_unit": "100 Gr",
    "date": "2023-01-17"
  },
  {
    "id": 12108,
    "name": "Bases de Tarta Natural MELS",
    "description": "Bases de Tarta Natural 400 Gr",
    "category": "Repostería para preparar",
    "url": "https://tienda.consum.es/es/p/bases-de-tarta-natural/7232080",
    "price": 2.99,
    "reference_price": 7.48,
    "iva": 10,
    "reference_unit": "1 Kg",
    "date": "2023-01-17"
  },
  {
    "id": 12116,
    "name": "Té Descafeinado 25 Bolsitas POMPADOUR",
    "description": "Té Descafeinado 25 Bolsitas 25 U",
    "category": "Té",
    "url": "https://tienda.consum.es/es/p/te-descafeinado-25-bolsitas/7233682",
    "price": 2.25,
    "reference_price": 0.09,
    "iva": 10,
    "reference_unit": "1 U",
    "date": "2023-01-17"
  },
  {
    "id": 12117,
    "name": "Pan Baguette Pack 2 Unidades JACQUET",
    "description": "Pan Baguette Pack 2 Unidades 2 x 125 Gr",
    "category": "Pan, churros y porras",
    "url": "https://tienda.consum.es/es/p/pan-baguette-pack-2-unidades/7234128",
    "price": 1.2,
    "reference_price": 4.8,
    "iva": 0,
    "reference_unit": "1 Kg",
    "date": "2023-01-17"
  },
  {
    "id": 12120,
    "name": "Gelatina de Fresa CONSUM",
    "description": "Gelatina de Fresa 170 Gr",
    "category": "Repostería para preparar",
    "url": "https://tienda.consum.es/es/p/gelatina-de-fresa/7235646",
    "price": 1.39,
    "reference_price": 8.18,
    "iva": 10,
    "reference_unit": "1 Kg",
    "date": "2023-01-17"
  },
  {
    "id": 12121,
    "name": "Gelatina de Limón CONSUM",
    "description": "Gelatina de Limón 170 Gr",
    "category": "Repostería para preparar",
    "url": "https://tienda.consum.es/es/p/gelatina-de-limon/7235653",
    "price": 1.39,
    "reference_price": 8.18,
    "iva": 10,
    "reference_unit": "1 Kg",
    "date": "2023-01-17"
  },
  {
    "id": 12122,
    "name": "Flan Vainilla con Caramelo CONSUM",
    "description": "Flan Vainilla con Caramelo 190 Gr",
    "category": "Repostería para preparar",
    "url": "https://tienda.consum.es/es/p/flan-vainilla-con-caramelo/7235674",
    "price": 1.19,
    "reference_price": 6.26,
    "iva": 10,
    "reference_unit": "1 Kg",
    "date": "2023-01-17"
  },
  {
    "id": 12127,
    "name": "Ambientador Fresh Matic Delicias Verano Recambi AIR WICK",
    "description": "Ambientador Fresh Matic Delicias Verano Recambi 1 U",
    "category": "Eléctricos y automáticos",
    "url": "https://tienda.consum.es/es/p/ambientador-fresh-matic-delicias-verano-recambi/7236813",
    "price": 5.49,
    "reference_price": 5.49,
    "iva": 21,
    "reference_unit": "1 U",
    "date": "2023-01-17"
  },
  {
    "id": 12131,
    "name": "Sirope de Caramelo Bote HELIOS",
    "description": "Sirope de Caramelo Bote 295 Gr",
    "category": "Repostería para preparar",
    "url": "https://tienda.consum.es/es/p/sirope-de-caramelo-bote/7238355",
    "price": 1.75,
    "reference_price": 5.93,
    "iva": 10,
    "reference_unit": "1 Kg",
    "date": "2023-01-17"
  },
  {
    "id": 12142,
    "name": "Tarta de Manzana MANDUL",
    "description": "Tarta de Manzana 300 Gr",
    "category": "Bollería industrial",
    "url": "https://tienda.consum.es/es/p/tarta-de-manzana/7241599",
    "price": 2.69,
    "reference_price": 8.97,
    "iva": 10,
    "reference_unit": "1 Kg",
    "date": "2023-01-17"
  },
  {
    "id": 12152,
    "name": "Café Senseo Descafeinado Monodosis MARCILLA",
    "description": "Café Senseo Descafeinado Monodosis 28 U",
    "category": "Café en cápsulas",
    "url": "https://tienda.consum.es/es/p/cafe-senseo-descafeinado-monodosis/7243835",
    "price": 4.69,
    "reference_price": 0.17,
    "iva": 10,
    "reference_unit": "1 U",
    "date": "2023-01-17"
  },
  {
    "id": 12153,
    "name": "Café Natural Senseo 28 Monodosis MARCILLA",
    "description": "Café Natural Senseo 28 Monodosis 28 U",
    "category": "Café en cápsulas",
    "url": "https://tienda.consum.es/es/p/cafe-natural-senseo-28-monodosis/7243843",
    "price": 4.69,
    "reference_price": 0.17,
    "iva": 10,
    "reference_unit": "1 U",
    "date": "2023-01-17"
  },
  {
    "id": 12167,
    "name": "Queso Emmental Suizo D.O.P IBERCONSEIL",
    "description": "Queso Emmental Suizo D.O.P 200 Gr",
    "category": "Emmental y gruyere",
    "url": "https://tienda.consum.es/es/p/queso-emmental-suizo-dop/7245848",
    "price": 4.41,
    "reference_price": 22.05,
    "iva": 0,
    "reference_unit": "1 Kg",
    "date": "2023-01-17"
  },
  {
    "id": 12168,
    "name": "Zumo Tropical Consum Pack de 6 CONSUM",
    "description": "Zumo Tropical Consum Pack de 6 6 x 200 ml",
    "category": "Zumos y néctares no refrigerados",
    "url": "https://tienda.consum.es/es/p/zumo-tropical-consum-pack-de-6/7245934",
    "price": 1.59,
    "reference_price": 1.33,
    "iva": 10,
    "reference_unit": "1 L",
    "date": "2023-01-17"
  },
  {
    "id": 12174,
    "name": "Velitas Mágicas VAHINE",
    "description": "Velitas Mágicas 10 U",
    "category": "Repostería para preparar",
    "url": "https://tienda.consum.es/es/p/velitas-magicas/7247331",
    "price": 2.15,
    "reference_price": 0.22,
    "iva": 21,
    "reference_unit": "1 U",
    "date": "2023-01-17"
  },
  {
    "id": 12176,
    "name": "Delicias de Mar Pack 2 Unidades CONSUM",
    "description": "Delicias de Mar Pack 2 Unidades 2 x 100 Gr",
    "category": "Frescos",
    "url": "https://tienda.consum.es/es/p/delicias-de-mar-pack-2-unidades/7247856",
    "price": 1.69,
    "reference_price": 8.45,
    "iva": 10,
    "reference_unit": "1 Kg",
    "date": "2023-01-17"
  },
  {
    "id": 12177,
    "name": "Medias Noches Panecillos Sin Gluten SCHÄR",
    "description": "Medias Noches Panecillos Sin Gluten 200 Gr",
    "category": "Bollería industrial",
    "url": "https://tienda.consum.es/es/p/medias-noches-panecillos-sin-gluten/7248235",
    "price": 2.99,
    "reference_price": 14.95,
    "iva": 10,
    "reference_unit": "1 Kg",
    "date": "2023-01-17"
  },
  {
    "id": 12184,
    "name": "Mantequilla Motte con Sal de Mar PRESIDENT",
    "description": "Mantequilla Motte con Sal de Mar 250 Gr",
    "category": "Mantequilla y margarina",
    "url": "https://tienda.consum.es/es/p/mantequilla-motte-con-sal-de-mar/7251077",
    "price": 5.29,
    "reference_price": 21.16,
    "iva": 10,
    "reference_unit": "1 Kg",
    "date": "2023-01-17"
  },
  {
    "id": 12185,
    "name": "Sardina Marinada BRUIMAR",
    "description": "Sardina Marinada 50 Gr",
    "category": "Surimis y salazones",
    "url": "https://tienda.consum.es/es/p/sardina-marinada/7252356",
    "price": 1.5,
    "reference_price": 30,
    "iva": 10,
    "reference_unit": "1 Kg",
    "date": "2023-01-17"
  },
  {
    "id": 12186,
    "name": "Cacao Instántaneo CONSUM",
    "description": "Cacao Instántaneo 400 Gr",
    "category": "Cacao soluble",
    "url": "https://tienda.consum.es/es/p/cacao-instantaneo/7252484",
    "price": 1.96,
    "reference_price": 4.9,
    "iva": 10,
    "reference_unit": "1 Kg",
    "date": "2023-01-17"
  },
  {
    "id": 12191,
    "name": "Compresa Incontinencia Men Normal INDASEC",
    "description": "Compresa Incontinencia Men Normal 10 U",
    "category": "Compresas y protegeslips",
    "url": "https://tienda.consum.es/es/p/compresa-incontinencia-men-normal/7254076",
    "price": 4.25,
    "reference_price": 0.43,
    "iva": 10,
    "reference_unit": "1 U",
    "date": "2023-01-17"
  },
  {
    "id": 12203,
    "name": "Mini Albóndigas Bacalao sin Gluten congeladas PRECOAN",
    "description": "Mini Albóndigas Bacalao sin Gluten congeladas 250 Gr",
    "category": "Pescados y mariscos",
    "url": "https://tienda.consum.es/es/p/mini-albondigas-bacalao-sin-gluten-congeladas/7256287",
    "price": 1.85,
    "reference_price": 7.4,
    "iva": 10,
    "reference_unit": "1 Kg",
    "date": "2023-01-17"
  },
  {
    "id": 12206,
    "name": "Friegasuelos Frutal CONSUM",
    "description": "Friegasuelos Frutal 1 L",
    "category": "Fregasuelos",
    "url": "https://tienda.consum.es/es/p/friegasuelos-frutal/7256894",
    "price": 1.7,
    "reference_price": 1.7,
    "iva": 21,
    "reference_unit": "1 L",
    "date": "2023-01-17"
  },
  {
    "id": 12209,
    "name": "Velitas Cumpleaños Rosas y Azules VAHINÉ",
    "description": "Velitas Cumpleaños Rosas y Azules 16 U",
    "category": "Repostería para preparar",
    "url": "https://tienda.consum.es/es/p/velitas-cumpleanos-rosas-y-azules/7258171",
    "price": 1.65,
    "reference_price": 0.1,
    "iva": 21,
    "reference_unit": "1 U",
    "date": "2023-01-17"
  },
  {
    "id": 12212,
    "name": "Brazo de Trufa CONSUM",
    "description": "Brazo de Trufa 300 Gr",
    "category": "Desayuno, dulces y café",
    "url": "https://tienda.consum.es/es/p/brazo-de-trufa/7259398",
    "price": 1.99,
    "reference_price": 6.63,
    "iva": 10,
    "reference_unit": "1 Kg",
    "date": "2023-01-17"
  },
  {
    "id": 12213,
    "name": "Brazo de Cacao CONSUM",
    "description": "Brazo de Cacao 300 Gr",
    "category": "Desayuno, dulces y café",
    "url": "https://tienda.consum.es/es/p/brazo-de-cacao/7259406",
    "price": 1.99,
    "reference_price": 6.63,
    "iva": 10,
    "reference_unit": "1 Kg",
    "date": "2023-01-17"
  },
  {
    "id": 12215,
    "name": "Roller al Cacao 3 unidades CONSUM",
    "description": "Roller al Cacao 3 unidades 150 Gr",
    "category": "Bollería industrial",
    "url": "https://tienda.consum.es/es/p/roller-al-cacao-3-unidades/7259422",
    "price": 1.59,
    "reference_price": 11.78,
    "iva": 10,
    "reference_unit": "1 Kg",
    "date": "2023-01-17"
  },
  {
    "id": 12216,
    "name": "Delicias al Ajillo con Gambas CONSUM",
    "description": "Delicias al Ajillo con Gambas 150 Gr",
    "category": "Frescos",
    "url": "https://tienda.consum.es/es/p/delicias-al-ajillo-con-gambas/7259518",
    "price": 1.99,
    "reference_price": 13.27,
    "iva": 10,
    "reference_unit": "1 Kg",
    "date": "2023-01-17"
  },
  {
    "id": 12228,
    "name": "Pan Payés Sin Gluten SCHÄR",
    "description": "Pan Payés Sin Gluten 240 Gr",
    "category": "Panes especiales",
    "url": "https://tienda.consum.es/es/p/pan-payes-sin-gluten/7261829",
    "price": 3.79,
    "reference_price": 15.79,
    "iva": 10,
    "reference_unit": "1 Kg",
    "date": "2023-01-17"
  },
  {
    "id": 12229,
    "name": "Rabas Empanadas congeladas PESCANOVA",
    "description": "Rabas Empanadas congeladas 400 Gr",
    "category": "Pescados y mariscos",
    "url": "https://tienda.consum.es/es/p/rabas-empanadas-congeladas/7262020",
    "price": 3.99,
    "reference_price": 9.98,
    "iva": 10,
    "reference_unit": "1 Kg",
    "date": "2023-01-17"
  },
  {
    "id": 12232,
    "name": "Varitas de Queso MAHESO",
    "description": "Varitas de Queso 240 Gr",
    "category": "Platos preparados",
    "url": "https://tienda.consum.es/es/p/varitas-de-queso/7262215",
    "price": 3.75,
    "reference_price": 15.63,
    "iva": 10,
    "reference_unit": "1 Kg",
    "date": "2023-01-17"
  },
  {
    "id": 12251,
    "name": "Salaqueso Bolsa 4 Paquetes VELARTE",
    "description": "Salaqueso Bolsa 4 Paquetes 4 x 40 Gr",
    "category": "Rosquilletas, picos y snacks",
    "url": "https://tienda.consum.es/es/p/salaqueso-bolsa-4-paquetes/7264737",
    "price": 2.39,
    "reference_price": 14.94,
    "iva": 10,
    "reference_unit": "1 Kg",
    "date": "2023-01-17"
  },
  {
    "id": 12256,
    "name": "Café con Leche Descafeinado Cápsulas DOLCE GUSTO",
    "description": "Café con Leche Descafeinado Cápsulas 16 U",
    "category": "Café en cápsulas",
    "url": "https://tienda.consum.es/es/p/cafe-con-leche-descafeinado-capsulas/7266091",
    "price": 4.89,
    "reference_price": 0.31,
    "iva": 10,
    "reference_unit": "1 U",
    "date": "2023-01-17"
  },
  {
    "id": 12264,
    "name": "Rosquillas Normales HORNO TRADIC",
    "description": "Rosquillas Normales 230 Gr",
    "category": "Rosquilletas, picos y snacks",
    "url": "https://tienda.consum.es/es/p/rosquillas-normales/7266526",
    "price": 0.85,
    "reference_price": 3.7,
    "iva": 10,
    "reference_unit": "1 Kg",
    "date": "2023-01-17"
  },
  {
    "id": 12265,
    "name": "Cacao Instantáneo Caja NESQUIK",
    "description": "Cacao Instantáneo Caja 2,85 Kg",
    "category": "Cacao soluble",
    "url": "https://tienda.consum.es/es/p/cacao-instantaneo-caja/7266711",
    "price": 12.99,
    "reference_price": 4.81,
    "iva": 10,
    "reference_unit": "1 Kg",
    "date": "2023-01-17"
  },
  {
    "id": 12266,
    "name": "Golden Grahams NESTLE",
    "description": "Golden Grahams 420 Gr",
    "category": "Cereales",
    "url": "https://tienda.consum.es/es/p/golden-grahams/7266992",
    "price": 3.59,
    "reference_price": 8.55,
    "iva": 10,
    "reference_unit": "1 Kg",
    "date": "2023-01-17"
  },
  {
    "id": 12271,
    "name": "Bizcocho Blandito Tosta Rica Oceanix CUETARA",
    "description": "Bizcocho Blandito Tosta Rica Oceanix 160 Gr",
    "category": "Galletas",
    "url": "https://tienda.consum.es/es/p/bizcocho-blandito-tosta-rica-oceanix/7267722",
    "price": 2.99,
    "reference_price": 18.69,
    "iva": 10,
    "reference_unit": "1 Kg",
    "date": "2023-01-17"
  },
  {
    "id": 12275,
    "name": "Kit Kat Dark 70% NESTLE",
    "description": "Kit Kat Dark 70% 3 x 41,5 Gr",
    "category": "Chocolatinas y bombones",
    "url": "https://tienda.consum.es/es/p/kit-kat-dark-70/7267870",
    "price": 1.99,
    "reference_price": 15.98,
    "iva": 10,
    "reference_unit": "1 Kg",
    "date": "2023-01-17"
  },
  {
    "id": 12281,
    "name": "Chocolate Negro 70% sin Azúcar con Almendra VALOR",
    "description": "Chocolate Negro 70% sin Azúcar con Almendra 150 Gr",
    "category": "Tabletas",
    "url": "https://tienda.consum.es/es/p/chocolate-negro-70-sin-azucar-con-almendra/7269660",
    "price": 2.99,
    "reference_price": 19.93,
    "iva": 10,
    "reference_unit": "1 Kg",
    "date": "2023-01-17"
  },
  {
    "id": 12285,
    "name": "Gelatina Sabor Fresa Light 10 Kcal ROYAL",
    "description": "Gelatina Sabor Fresa Light 10 Kcal 31 Gr",
    "category": "Repostería para preparar",
    "url": "https://tienda.consum.es/es/p/gelatina-sabor-fresa-light-10-kcal/7270762",
    "price": 2.75,
    "reference_price": 8.87,
    "iva": 10,
    "reference_unit": "100 Gr",
    "date": "2023-01-17"
  },
  {
    "id": 12286,
    "name": "Gelatina Sabor Limón LIght 10 Kcal ROYAL",
    "description": "Gelatina Sabor Limón LIght 10 Kcal 31 Gr",
    "category": "Repostería para preparar",
    "url": "https://tienda.consum.es/es/p/gelatina-sabor-limon-light-10-kcal/7270767",
    "price": 2.75,
    "reference_price": 8.87,
    "iva": 10,
    "reference_unit": "100 Gr",
    "date": "2023-01-17"
  },
  {
    "id": 12290,
    "name": "Rosquilletas Planas con Cacahuetes CONSUM",
    "description": "Rosquilletas Planas con Cacahuetes 2 x 80 Gr",
    "category": "Rosquilletas, picos y snacks",
    "url": "https://tienda.consum.es/es/p/rosquilletas-planas-con-cacahuetes/7271331",
    "price": 1.35,
    "reference_price": 8.44,
    "iva": 10,
    "reference_unit": "1 Kg",
    "date": "2023-01-17"
  },
  {
    "id": 12291,
    "name": "Pescadito Enharinado congelado EXKIMO",
    "description": "Pescadito Enharinado congelado 500 Gr",
    "category": "Congelados y helados",
    "url": "https://tienda.consum.es/es/p/pescadito-enharinado-congelado/7271799",
    "price": 3.49,
    "reference_price": 6.98,
    "iva": 10,
    "reference_unit": "1 Kg",
    "date": "2023-01-17"
  },
  {
    "id": 12292,
    "name": "Néctar Naranja sin Azúcar Añadido Brik JUVER",
    "description": "Néctar Naranja sin Azúcar Añadido Brik 2 L",
    "category": "Zumos y néctares sin azúcar",
    "url": "https://tienda.consum.es/es/p/nectar-naranja-sin-azucar-anadido-brik/7271914",
    "price": 3.49,
    "reference_price": 1.75,
    "iva": 21,
    "reference_unit": "1 L",
    "date": "2023-01-17"
  },
  {
    "id": 12296,
    "name": "Kit Kat Leche NESTLE",
    "description": "Kit Kat Leche 41,5 Gr",
    "category": "Chocolatinas y bombones",
    "url": "https://tienda.consum.es/es/p/kit-kat-leche/7272529",
    "price": 0.99,
    "reference_price": 2.39,
    "iva": 10,
    "reference_unit": "100 Gr",
    "date": "2023-01-17"
  },
  {
    "id": 12298,
    "name": "Pan de Molde Rebanada Estilo Artesano BIMBO",
    "description": "Pan de Molde Rebanada Estilo Artesano 550 Gr",
    "category": "Pan de molde",
    "url": "https://tienda.consum.es/es/p/pan-de-molde-rebanada-estilo-artesano/7272938",
    "price": 2.89,
    "reference_price": 5.25,
    "iva": 10,
    "reference_unit": "1 Kg",
    "date": "2023-01-17"
  },
  {
    "id": 12299,
    "name": "Rabas de Pollo CONSUM",
    "description": "Rabas de Pollo 244 Gr",
    "category": "Aves y conejo",
    "url": "https://tienda.consum.es/es/p/rabas-de-pollo/7273209",
    "price": 3.15,
    "reference_price": 12.91,
    "iva": 10,
    "reference_unit": "1 Kg",
    "date": "2023-01-17"
  },
  {
    "id": 12312,
    "name": "Atún Claro Aceite Oliva Ligero Pack de 3 CALVO",
    "description": "Atún Claro Aceite Oliva Ligero Pack de 3 3 x 56 Gr",
    "category": "Atún y bonito",
    "url": "https://tienda.consum.es/es/p/atun-claro-aceite-oliva-ligero-pack-de-3/7274202",
    "price": 3.95,
    "reference_price": 23.51,
    "iva": 10,
    "reference_unit": "1 Kg",
    "date": "2023-01-17"
  },
  {
    "id": 12313,
    "name": "Suavizante Azul FLOR",
    "description": "Suavizante Azul 44 Lv",
    "category": "Suavizante",
    "url": "https://tienda.consum.es/es/p/suavizante-azul/7274210",
    "price": 4.99,
    "reference_price": 0.11,
    "iva": 21,
    "reference_unit": "1 Lv",
    "date": "2023-01-17"
  },
  {
    "id": 12314,
    "name": "Atún Claro Aceite Girasol Ligero Pack de 3 CALVO",
    "description": "Atún Claro Aceite Girasol Ligero Pack de 3 3 x 56 Gr",
    "category": "Conservas, aceites y condimentos",
    "url": "https://tienda.consum.es/es/p/atun-claro-aceite-girasol-ligero-pack-de-3/7274215",
    "price": 3.29,
    "reference_price": 19.58,
    "iva": 10,
    "reference_unit": "1 Kg",
    "date": "2023-01-17"
  },
  {
    "id": 12315,
    "name": "Higiénico Acolchado 3 Capas SCOTTEX",
    "description": "Higiénico Acolchado 3 Capas 9 U",
    "category": "Papel higiénico",
    "url": "https://tienda.consum.es/es/p/higienico-acolchado-3-capas/7274348",
    "price": 5.29,
    "reference_price": 0.59,
    "iva": 21,
    "reference_unit": "1 U",
    "date": "2023-01-17"
  },
  {
    "id": 12317,
    "name": "Patata Guarnición Malla ",
    "description": "Patata Guarnición Malla 1 Kg",
    "category": "Patatas, cebollas y ajos",
    "url": "https://tienda.consum.es/es/p/patata-guarnicion-malla/57018",
    "price": 1.72,
    "reference_price": 1.72,
    "iva": 0,
    "reference_unit": "1 Kg",
    "date": "2023-01-17"
  },
  {
    "id": 12318,
    "name": "Repollo Liso entero ",
    "description": "Repollo Liso entero",
    "category": "Brócoli, col y coliflor",
    "url": "https://tienda.consum.es/es/p/repollo-liso-entero/81117",
    "price": 4.79,
    "reference_price": 1.63,
    "iva": 0,
    "reference_unit": "1 Kg",
    "date": "2023-01-17"
  },
  {
    "id": 12324,
    "name": "Vino Tinto Crianza D.O.Rioja MARQ.CACERES",
    "description": "Vino Tinto Crianza D.O.Rioja 0,75 L",
    "category": "Vinos d.o",
    "url": "https://tienda.consum.es/es/p/vino-tinto-crianza-dorioja/309443",
    "price": 7.6,
    "reference_price": 10.13,
    "iva": 21,
    "reference_unit": "1 L",
    "date": "2023-01-17"
  },
  {
    "id": 12325,
    "name": "Vino Blanco Seco D.O.Cataluña BACH",
    "description": "Vino Blanco Seco D.O.Cataluña 0,75 L",
    "category": "Vinos d.o",
    "url": "https://tienda.consum.es/es/p/vino-blanco-seco-docataluna/318279",
    "price": 4.55,
    "reference_price": 6.07,
    "iva": 21,
    "reference_unit": "1 L",
    "date": "2023-01-17"
  },
  {
    "id": 12326,
    "name": "Vino Blanco Semi D.O.Cataluña BACH",
    "description": "Vino Blanco Semi D.O.Cataluña 0,75 L",
    "category": "Vinos d.o",
    "url": "https://tienda.consum.es/es/p/vino-blanco-semi-docataluna/318584",
    "price": 4.55,
    "reference_price": 6.07,
    "iva": 21,
    "reference_unit": "1 L",
    "date": "2023-01-17"
  },
  {
    "id": 12328,
    "name": "Limpia Tuberias Líquido WC NET",
    "description": "Limpia Tuberias Líquido 1 L",
    "category": "Desatascador limpia tuberías",
    "url": "https://tienda.consum.es/es/p/limpia-tuberias-liquido/341933",
    "price": 6.49,
    "reference_price": 6.49,
    "iva": 21,
    "reference_unit": "1 L",
    "date": "2023-01-17"
  },
  {
    "id": 12329,
    "name": "Salchichas Bockwurst Frasco MEICA",
    "description": "Salchichas Bockwurst Frasco 250 Gr",
    "category": "Salchichas",
    "url": "https://tienda.consum.es/es/p/salchichas-bockwurst-frasco/343160",
    "price": 4.19,
    "reference_price": 16.76,
    "iva": 10,
    "reference_unit": "1 Kg",
    "date": "2023-01-17"
  },
  {
    "id": 12330,
    "name": "Vino Blanco Semi Dulce D.O.Rioja DIAMANTE",
    "description": "Vino Blanco Semi Dulce D.O.Rioja 0,75 L",
    "category": "Vinos d.o",
    "url": "https://tienda.consum.es/es/p/vino-blanco-semi-dulce-dorioja/378323",
    "price": 3.99,
    "reference_price": 5.32,
    "iva": 21,
    "reference_unit": "1 L",
    "date": "2023-01-17"
  },
  {
    "id": 12331,
    "name": "Vino Rosado Aguja MATEUS",
    "description": "Vino Rosado Aguja 0,75 L",
    "category": "Vinos de aguja",
    "url": "https://tienda.consum.es/es/p/vino-rosado-aguja/383414",
    "price": 4.29,
    "reference_price": 5.72,
    "iva": 21,
    "reference_unit": "1 L",
    "date": "2023-01-17"
  },
  {
    "id": 12332,
    "name": "Cepillo Betunero ",
    "description": "Cepillo Betunero 1 U",
    "category": "Limpieza calzado y accesorios",
    "url": "https://tienda.consum.es/es/p/cepillo-betunero/408708",
    "price": 1.25,
    "reference_price": 1.25,
    "iva": 21,
    "reference_unit": "1 U",
    "date": "2023-01-17"
  },
  {
    "id": 12333,
    "name": "Cera Suelos Incolora ALEX",
    "description": "Cera Suelos Incolora 0,75 L",
    "category": "Cera suelos",
    "url": "https://tienda.consum.es/es/p/cera-suelos-incolora/416123",
    "price": 3.89,
    "reference_price": 5.19,
    "iva": 21,
    "reference_unit": "1 L",
    "date": "2023-01-17"
  },
  {
    "id": 12334,
    "name": "Bayeta Posavajillas Origin SPONTEX",
    "description": "Bayeta Posavajillas Origin 1 U",
    "category": "Bayetas, gamuzas y plumeros",
    "url": "https://tienda.consum.es/es/p/bayeta-posavajillas-origin/418335",
    "price": 3.4,
    "reference_price": 3.4,
    "iva": 21,
    "reference_unit": "1 U",
    "date": "2023-01-17"
  },
  {
    "id": 12337,
    "name": "Huesos Blancos Salados GARRIGA",
    "description": "Huesos Blancos Salados",
    "category": "Arreglos",
    "url": "https://tienda.consum.es/es/p/huesos-blancos-salados/559534",
    "price": 0.94,
    "reference_price": 4.69,
    "iva": 10,
    "reference_unit": "1 Kg",
    "date": "2023-01-17"
  },
  {
    "id": 12338,
    "name": "Leche Desnatada en Polvo SVELTESSE",
    "description": "Leche Desnatada en Polvo 400 Gr",
    "category": "Leche en polvo y deshidratada",
    "url": "https://tienda.consum.es/es/p/leche-desnatada-en-polvo/574939",
    "price": 4.7,
    "reference_price": 11.75,
    "iva": 0,
    "reference_unit": "1 Kg",
    "date": "2023-01-17"
  },
  {
    "id": 12342,
    "name": "Yog Fun Postre sin Frío MONDELICE",
    "description": "Yog Fun Postre sin Frío 500 Gr",
    "category": "Natillas",
    "url": "https://tienda.consum.es/es/p/yog-fun-postre-sin-frio/915629",
    "price": 1.29,
    "reference_price": 2.58,
    "iva": 10,
    "reference_unit": "1 Kg",
    "date": "2023-01-17"
  },
  {
    "id": 12344,
    "name": "Chorizo Tipo Pueblo CONSUM",
    "description": "Chorizo Tipo Pueblo",
    "category": "Embutido",
    "url": "https://tienda.consum.es/es/p/chorizo-tipo-pueblo/921734",
    "price": 2.98,
    "reference_price": 6.62,
    "iva": 10,
    "reference_unit": "1 Kg",
    "date": "2023-01-17"
  },
  {
    "id": 12345,
    "name": "Barbacoa Mini CONSUM",
    "description": "Barbacoa Mini",
    "category": "Embutido",
    "url": "https://tienda.consum.es/es/p/barbacoa-mini/921759",
    "price": 2.14,
    "reference_price": 7.14,
    "iva": 10,
    "reference_unit": "1 Kg",
    "date": "2023-01-17"
  },
  {
    "id": 12346,
    "name": "Botifarrón de Carne CONSUM",
    "description": "Botifarrón de Carne",
    "category": "Embutido",
    "url": "https://tienda.consum.es/es/p/botifarron-de-carne/922021",
    "price": 2.37,
    "reference_price": 7.89,
    "iva": 10,
    "reference_unit": "1 Kg",
    "date": "2023-01-17"
  },
  {
    "id": 12347,
    "name": "Morcilla de Cebolla Oreada CONSUM",
    "description": "Morcilla de Cebolla Oreada",
    "category": "Embutido",
    "url": "https://tienda.consum.es/es/p/morcilla-de-cebolla-oreada/922047",
    "price": 2.02,
    "reference_price": 5.75,
    "iva": 10,
    "reference_unit": "1 Kg",
    "date": "2023-01-17"
  },
  {
    "id": 12348,
    "name": "Tacos Panceta Ibérica GARRIGA",
    "description": "Tacos Panceta Ibérica",
    "category": "Arreglos",
    "url": "https://tienda.consum.es/es/p/tacos-panceta-iberica/926212",
    "price": 1.48,
    "reference_price": 7.39,
    "iva": 10,
    "reference_unit": "1 Kg",
    "date": "2023-01-17"
  },
  {
    "id": 12350,
    "name": "Choricito Mini Bandeja CONSUM",
    "description": "Choricito Mini Bandeja",
    "category": "Embutido",
    "url": "https://tienda.consum.es/es/p/choricito-mini-bandeja/926741",
    "price": 3,
    "reference_price": 8.4,
    "iva": 10,
    "reference_unit": "1 Kg",
    "date": "2023-01-17"
  },
  {
    "id": 12351,
    "name": "Blanquet CONSUM",
    "description": "Blanquet",
    "category": "Embutido",
    "url": "https://tienda.consum.es/es/p/blanquet/927020",
    "price": 1.62,
    "reference_price": 6.49,
    "iva": 10,
    "reference_unit": "1 Kg",
    "date": "2023-01-17"
  },
  {
    "id": 12352,
    "name": "Harina de Arroz Paquete REX",
    "description": "Harina de Arroz Paquete 500 Gr",
    "category": "Harinas y levaduras",
    "url": "https://tienda.consum.es/es/p/harina-de-arroz-paquete/965520",
    "price": 1.14,
    "reference_price": 2.28,
    "iva": 0,
    "reference_unit": "1 Kg",
    "date": "2023-01-17"
  },
  {
    "id": 12357,
    "name": "Forro de Cerdo CONSUM",
    "description": "Forro de Cerdo",
    "category": "Cerdo",
    "url": "https://tienda.consum.es/es/p/forro-de-cerdo/1714237",
    "price": 2.85,
    "reference_price": 5.69,
    "iva": 10,
    "reference_unit": "1 Kg",
    "date": "2023-01-17"
  },
  {
    "id": 12360,
    "name": "Sesos de Cerdo CONSUM",
    "description": "Sesos de Cerdo 200 Gr",
    "category": "Cerdo",
    "url": "https://tienda.consum.es/es/p/sesos-de-cerdo/1714286",
    "price": 2.5,
    "reference_price": 12.5,
    "iva": 10,
    "reference_unit": "1 Kg",
    "date": "2023-01-17"
  },
  {
    "id": 12361,
    "name": "Lomo Añojo CONSUM",
    "description": "Lomo Añojo",
    "category": "Ternera y añojo",
    "url": "https://tienda.consum.es/es/p/lomo-anojo/1714294",
    "price": 6.29,
    "reference_price": 20.95,
    "iva": 10,
    "reference_unit": "1 Kg",
    "date": "2023-01-17"
  },
  {
    "id": 12363,
    "name": "Blanco y Rojo CONSUM",
    "description": "Blanco y Rojo",
    "category": "Embutido",
    "url": "https://tienda.consum.es/es/p/blanco-y-rojo/1715200",
    "price": 3.72,
    "reference_price": 8.25,
    "iva": 10,
    "reference_unit": "1 Kg",
    "date": "2023-01-17"
  },
  {
    "id": 12366,
    "name": "Salchichas Cocktail BOKLUNDER",
    "description": "Salchichas Cocktail 250 Gr",
    "category": "Salchichas",
    "url": "https://tienda.consum.es/es/p/salchichas-cocktail/2677219",
    "price": 6.89,
    "reference_price": 27.56,
    "iva": 10,
    "reference_unit": "1 Kg",
    "date": "2023-01-17"
  },
  {
    "id": 12367,
    "name": "Tocino de Cerdo CONSUM",
    "description": "Tocino de Cerdo",
    "category": "Cerdo",
    "url": "https://tienda.consum.es/es/p/tocino-de-cerdo/2946309",
    "price": 0.9,
    "reference_price": 4.5,
    "iva": 10,
    "reference_unit": "1 Kg",
    "date": "2023-01-17"
  },
  {
    "id": 12368,
    "name": "Patas de Ternera CONSUM",
    "description": "Patas de Ternera",
    "category": "Ternera y añojo",
    "url": "https://tienda.consum.es/es/p/patas-de-ternera/3348315",
    "price": 1.99,
    "reference_price": 7.95,
    "iva": 10,
    "reference_unit": "1 Kg",
    "date": "2023-01-17"
  },
  {
    "id": 12370,
    "name": "Ossobuco de Cerdo CONSUM",
    "description": "Ossobuco de Cerdo",
    "category": "Cerdo",
    "url": "https://tienda.consum.es/es/p/ossobuco-de-cerdo/4390795",
    "price": 2.38,
    "reference_price": 5.95,
    "iva": 10,
    "reference_unit": "1 Kg",
    "date": "2023-01-17"
  },
  {
    "id": 12371,
    "name": "Cebolla Morada Malla ",
    "description": "Cebolla Morada Malla 500 Gr",
    "category": "Patatas, cebollas y ajos",
    "url": "https://tienda.consum.es/es/p/cebolla-morada-malla/4804720",
    "price": 1.72,
    "reference_price": 3.44,
    "iva": 0,
    "reference_unit": "1 Kg",
    "date": "2023-01-17"
  },
  {
    "id": 12372,
    "name": "Chuletas de Paletilla CONSUM",
    "description": "Chuletas de Paletilla",
    "category": "Cordero",
    "url": "https://tienda.consum.es/es/p/chuletas-de-paletilla/4910022",
    "price": 6.4,
    "reference_price": 15.99,
    "iva": 10,
    "reference_unit": "1 Kg",
    "date": "2023-01-17"
  },
  {
    "id": 12375,
    "name": "Chuletas de Pierna CONSUM",
    "description": "Chuletas de Pierna",
    "category": "Cordero",
    "url": "https://tienda.consum.es/es/p/chuletas-de-pierna/5303482",
    "price": 7.5,
    "reference_price": 14.99,
    "iva": 10,
    "reference_unit": "1 Kg",
    "date": "2023-01-17"
  },
  {
    "id": 12376,
    "name": "Paletillas de Conejo CONSUM",
    "description": "Paletillas de Conejo",
    "category": "Aves y conejo",
    "url": "https://tienda.consum.es/es/p/paletillas-de-conejo/5859236",
    "price": 5.95,
    "reference_price": 16.95,
    "iva": 10,
    "reference_unit": "1 Kg",
    "date": "2023-01-17"
  },
  {
    "id": 12377,
    "name": "Hierbabuena Bandeja EL DULZE",
    "description": "Hierbabuena Bandeja 20 Gr",
    "category": "Aromáticos",
    "url": "https://tienda.consum.es/es/p/hierbabuena-bandeja/7004153",
    "price": 1.29,
    "reference_price": 6.45,
    "iva": 10,
    "reference_unit": "100 Gr",
    "date": "2023-01-17"
  },
  {
    "id": 12378,
    "name": "Entrecot de Novillo Argentino CARNES FELIX",
    "description": "Entrecot de Novillo Argentino",
    "category": "Buey, toro y vaca",
    "url": "https://tienda.consum.es/es/p/entrecot-de-novillo-argentino/7005176",
    "price": 10.06,
    "reference_price": 33.5,
    "iva": 10,
    "reference_unit": "1 Kg",
    "date": "2023-01-17"
  },
  {
    "id": 12379,
    "name": "Cepillo Calzado ",
    "description": "Cepillo Calzado 1 U",
    "category": "Limpieza calzado y accesorios",
    "url": "https://tienda.consum.es/es/p/cepillo-calzado/7008576",
    "price": 2,
    "reference_price": 2,
    "iva": 21,
    "reference_unit": "1 U",
    "date": "2023-01-17"
  },
  {
    "id": 12380,
    "name": "Jabón de Marsella Pastilla OMINO BIANCO",
    "description": "Jabón de Marsella Pastilla 1 U",
    "category": "Máquina pastilla",
    "url": "https://tienda.consum.es/es/p/jabon-de-marsella-pastilla/7009991",
    "price": 2.65,
    "reference_price": 2.65,
    "iva": 21,
    "reference_unit": "1 U",
    "date": "2023-01-17"
  },
  {
    "id": 12382,
    "name": "Salchicha Hot Dog BOKLUNDER",
    "description": "Salchicha Hot Dog 300 Gr",
    "category": "Salchichas",
    "url": "https://tienda.consum.es/es/p/salchicha-hot-dog/7012743",
    "price": 6.99,
    "reference_price": 23.3,
    "iva": 10,
    "reference_unit": "1 Kg",
    "date": "2023-01-17"
  },
  {
    "id": 12383,
    "name": "Manzana Golden Marlene Bandeja ",
    "description": "Manzana Golden Marlene Bandeja 750 Gr",
    "category": "Manzana, pera y plátano",
    "url": "https://tienda.consum.es/es/p/manzana-golden-marlene-bandeja/7017601",
    "price": 1.91,
    "reference_price": 2.55,
    "iva": 0,
    "reference_unit": "1 Kg",
    "date": "2023-01-17"
  },
  {
    "id": 12384,
    "name": "Plumero Atrapapolvo Recambio PRONTO",
    "description": "Plumero Atrapapolvo Recambio 5 U",
    "category": "Bayetas, gamuzas y plumeros",
    "url": "https://tienda.consum.es/es/p/plumero-atrapapolvo-recambio/7017630",
    "price": 5.69,
    "reference_price": 1.14,
    "iva": 21,
    "reference_unit": "1 U",
    "date": "2023-01-17"
  },
  {
    "id": 12386,
    "name": "Alubias Salsa de Tomate Bote PELLI",
    "description": "Alubias Salsa de Tomate Bote 420 Gr",
    "category": "Conservas",
    "url": "https://tienda.consum.es/es/p/alubias-salsa-de-tomate-bote/7021561",
    "price": 0.99,
    "reference_price": 2.36,
    "iva": 10,
    "reference_unit": "1 Kg",
    "date": "2023-01-17"
  },
  {
    "id": 12400,
    "name": "Vino Blanco Verdejo D.O.Rueda MARQ.RISCAL",
    "description": "Vino Blanco Verdejo D.O.Rueda 0,75 L - Marqués de Riscal",
    "category": "Vinos d.o",
    "url": "https://tienda.consum.es/es/p/vino-blanco-verdejo-dorueda/7039287",
    "price": 8.2,
    "reference_price": 10.93,
    "iva": 21,
    "reference_unit": "1 L",
    "date": "2023-01-17"
  },
  {
    "id": 12403,
    "name": "Vino Tinto de Mesa Botella VALDEOLIVA",
    "description": "Vino Tinto de Mesa Botella 0,75 L",
    "category": "Mesa",
    "url": "https://tienda.consum.es/es/p/vino-tinto-de-mesa-botella/7040934",
    "price": 2.45,
    "reference_price": 3.27,
    "iva": 21,
    "reference_unit": "1 L",
    "date": "2023-01-17"
  },
  {
    "id": 12407,
    "name": "Pimiento Tricolor Bolsa ",
    "description": "Pimiento Tricolor Bolsa 500 Gr",
    "category": "Pepinos, tomates y pimientos",
    "url": "https://tienda.consum.es/es/p/pimiento-tricolor-bolsa/7043370",
    "price": 1.65,
    "reference_price": 3.3,
    "iva": 0,
    "reference_unit": "1 Kg",
    "date": "2023-01-17"
  },
  {
    "id": 12408,
    "name": "Perdiz en Escabeche Bote POLGRI",
    "description": "Perdiz en Escabeche Bote 450 Gr",
    "category": "Conservas",
    "url": "https://tienda.consum.es/es/p/perdiz-en-escabeche-bote/7047397",
    "price": 9.95,
    "reference_price": 22.11,
    "iva": 10,
    "reference_unit": "1 Kg",
    "date": "2023-01-17"
  },
  {
    "id": 12409,
    "name": "Codorniz en Escabeche Bote POLGRI",
    "description": "Codorniz en Escabeche Bote 390 Gr",
    "category": "Conservas",
    "url": "https://tienda.consum.es/es/p/codorniz-en-escabeche-bote/7047400",
    "price": 5.29,
    "reference_price": 13.56,
    "iva": 10,
    "reference_unit": "1 Kg",
    "date": "2023-01-17"
  },
  {
    "id": 12420,
    "name": "Secreto de Cerdo CONSUM",
    "description": "Secreto de Cerdo",
    "category": "Cerdo",
    "url": "https://tienda.consum.es/es/p/secreto-de-cerdo/7067408",
    "price": 4.04,
    "reference_price": 6.7,
    "iva": 10,
    "reference_unit": "1 Kg",
    "date": "2023-01-17"
  },
  {
    "id": 12422,
    "name": "Pimientos del Piquillo Relleno Bacalao Gamba LEYENDA",
    "description": "Pimientos del Piquillo Relleno Bacalao Gamba 250 Gr",
    "category": "Conservas",
    "url": "https://tienda.consum.es/es/p/pimientos-del-piquillo-relleno-bacalao-gamba/7076974",
    "price": 2.85,
    "reference_price": 11.4,
    "iva": 10,
    "reference_unit": "1 Kg",
    "date": "2023-01-17"
  },
  {
    "id": 12425,
    "name": "Vino Tinto Garrafa PARQUE REAL",
    "description": "Vino Tinto Garrafa 5 L",
    "category": "Mesa",
    "url": "https://tienda.consum.es/es/p/vino-tinto-garrafa/7081719",
    "price": 5.45,
    "reference_price": 1.09,
    "iva": 21,
    "reference_unit": "1 L",
    "date": "2023-01-17"
  },
  {
    "id": 12428,
    "name": "Vino Blanco Verdejo D.O.Rueda PROTOS",
    "description": "Vino Blanco Verdejo D.O.Rueda 0,75 L",
    "category": "Vinos d.o",
    "url": "https://tienda.consum.es/es/p/vino-blanco-verdejo-dorueda/7091635",
    "price": 7.2,
    "reference_price": 9.6,
    "iva": 21,
    "reference_unit": "1 L",
    "date": "2023-01-17"
  },
  {
    "id": 12430,
    "name": "Detergente Lavado Mano en Polvo WIPP",
    "description": "Detergente Lavado Mano en Polvo 0,47 Kg",
    "category": "A mano y jabón común",
    "url": "https://tienda.consum.es/es/p/detergente-lavado-mano-en-polvo/7098911",
    "price": 3.19,
    "reference_price": 6.79,
    "iva": 21,
    "reference_unit": "1 Kg",
    "date": "2023-01-17"
  },
  {
    "id": 12435,
    "name": "Leche en Polvo 1% de Materia Grasa ASTURIANA",
    "description": "Leche en Polvo 1% de Materia Grasa 1 Kg",
    "category": "Leche en polvo y deshidratada",
    "url": "https://tienda.consum.es/es/p/leche-en-polvo-1-de-materia-grasa/7104987",
    "price": 8.45,
    "reference_price": 8.45,
    "iva": 0,
    "reference_unit": "1 Kg",
    "date": "2023-01-17"
  },
  {
    "id": 12444,
    "name": "Néctar Naranja Light Pack de 6 CONSUM",
    "description": "Néctar Naranja Light Pack de 6 6 x 200 ml",
    "category": "Zumos y néctares sin azúcar",
    "url": "https://tienda.consum.es/es/p/nectar-naranja-light-pack-de-6/7118599",
    "price": 1.3,
    "reference_price": 1.08,
    "iva": 21,
    "reference_unit": "1 L",
    "date": "2023-01-17"
  },
  {
    "id": 12445,
    "name": "Néctar Melocotón Light Pack de 6 CONSUM",
    "description": "Néctar Melocotón Light Pack de 6 6 x 200 ml",
    "category": "Zumos y néctares sin azúcar",
    "url": "https://tienda.consum.es/es/p/nectar-melocoton-light-pack-de-6/7118602",
    "price": 1.35,
    "reference_price": 1.13,
    "iva": 21,
    "reference_unit": "1 L",
    "date": "2023-01-17"
  },
  {
    "id": 12448,
    "name": "Carrillada de Vacuno CONSUM",
    "description": "Carrillada de Vacuno",
    "category": "Ternera y añojo",
    "url": "https://tienda.consum.es/es/p/carrillada-de-vacuno/7139160",
    "price": 5.44,
    "reference_price": 15.5,
    "iva": 10,
    "reference_unit": "1 Kg",
    "date": "2023-01-17"
  },
  {
    "id": 12449,
    "name": "Guacamole Tarrina ",
    "description": "Guacamole Tarrina 200 Gr",
    "category": "Ensaladas preparadas y guacamole",
    "url": "https://tienda.consum.es/es/p/guacamole-tarrina/7145688",
    "price": 1.75,
    "reference_price": 8.75,
    "iva": 10,
    "reference_unit": "1 Kg",
    "date": "2023-01-17"
  },
  {
    "id": 12451,
    "name": "Vino Blanco Aguja CASTELFINO",
    "description": "Vino Blanco Aguja 0,75 L",
    "category": "Vinos de aguja",
    "url": "https://tienda.consum.es/es/p/vino-blanco-aguja/7151921",
    "price": 1.99,
    "reference_price": 2.65,
    "iva": 21,
    "reference_unit": "1 L",
    "date": "2023-01-17"
  },
  {
    "id": 12452,
    "name": "Vino Rosado Aguja CASTELFINO",
    "description": "Vino Rosado Aguja 0,75 L",
    "category": "Vinos de aguja",
    "url": "https://tienda.consum.es/es/p/vino-rosado-aguja/7151939",
    "price": 1.99,
    "reference_price": 2.65,
    "iva": 21,
    "reference_unit": "1 L",
    "date": "2023-01-17"
  },
  {
    "id": 12453,
    "name": "Bolsa para Asar 25x40 Apta Horno y Microondas ASAFIX",
    "description": "Bolsa para Asar 25x40 Apta Horno y Microondas 10 U",
    "category": "Bazar",
    "url": "https://tienda.consum.es/es/p/bolsa-para-asar-25x40-apta-horno-y-microondas/7152176",
    "price": 1.35,
    "reference_price": 0.14,
    "iva": 21,
    "reference_unit": "1 U",
    "date": "2023-01-17"
  },
  {
    "id": 12454,
    "name": "Crema Calzado Marrón Tarro 2 en 1 BUFALO",
    "description": "Crema Calzado Marrón Tarro 2 en 1 40 ml",
    "category": "Limpieza calzado y accesorios",
    "url": "https://tienda.consum.es/es/p/crema-calzado-marron-tarro-2-en-1/7153922",
    "price": 2.99,
    "reference_price": 7.48,
    "iva": 21,
    "reference_unit": "100 ml",
    "date": "2023-01-17"
  },
  {
    "id": 12455,
    "name": "Crema Calzado Negro Tarro 2 en 1 BUFALO",
    "description": "Crema Calzado Negro Tarro 2 en 1 40 ml",
    "category": "Limpieza calzado y accesorios",
    "url": "https://tienda.consum.es/es/p/crema-calzado-negro-tarro-2-en-1/7153968",
    "price": 2.99,
    "reference_price": 7.48,
    "iva": 21,
    "reference_unit": "100 ml",
    "date": "2023-01-17"
  },
  {
    "id": 12457,
    "name": "Crema Autobrillante Marrón BUFALO",
    "description": "Crema Autobrillante Marrón 50 ml",
    "category": "Limpieza calzado y accesorios",
    "url": "https://tienda.consum.es/es/p/crema-autobrillante-marron/7153989",
    "price": 2.19,
    "reference_price": 4.38,
    "iva": 21,
    "reference_unit": "100 ml",
    "date": "2023-01-17"
  },
  {
    "id": 12458,
    "name": "Crema Autobrillante Neutro BUFALO",
    "description": "Crema Autobrillante Neutro 50 ml",
    "category": "Limpieza calzado y accesorios",
    "url": "https://tienda.consum.es/es/p/crema-autobrillante-neutro/7153997",
    "price": 2.19,
    "reference_price": 4.38,
    "iva": 21,
    "reference_unit": "100 ml",
    "date": "2023-01-17"
  },
  {
    "id": 12459,
    "name": "Crema Autobrillante Azul BUFALO",
    "description": "Crema Autobrillante Azul 50 ml",
    "category": "Limpieza calzado y accesorios",
    "url": "https://tienda.consum.es/es/p/crema-autobrillante-azul/7154008",
    "price": 2.19,
    "reference_price": 4.38,
    "iva": 21,
    "reference_unit": "100 ml",
    "date": "2023-01-17"
  },
  {
    "id": 12460,
    "name": "Crema Autobrillante Blanco BUFALO",
    "description": "Crema Autobrillante Blanco 50 ml",
    "category": "Limpieza calzado y accesorios",
    "url": "https://tienda.consum.es/es/p/crema-autobrillante-blanco/7154016",
    "price": 2.19,
    "reference_price": 4.38,
    "iva": 21,
    "reference_unit": "100 ml",
    "date": "2023-01-17"
  },
  {
    "id": 12461,
    "name": "Bolsas Congelación Protege Aromas Mediana ALBAL",
    "description": "Bolsas Congelación Protege Aromas Mediana 40 U",
    "category": "Bazar",
    "url": "https://tienda.consum.es/es/p/bolsas-congelacion-protege-aromas-mediana/7155133",
    "price": 2.85,
    "reference_price": 0.07,
    "iva": 21,
    "reference_unit": "1 U",
    "date": "2023-01-17"
  },
  {
    "id": 12468,
    "name": "Separador de Dedos KYREY",
    "description": "Separador de Dedos 2 U",
    "category": "Manicura y pedicura",
    "url": "https://tienda.consum.es/es/p/separador-de-dedos/7156748",
    "price": 1.15,
    "reference_price": 0.58,
    "iva": 21,
    "reference_unit": "1 U",
    "date": "2023-01-17"
  },
  {
    "id": 12472,
    "name": "Grasa de Caballo Protexol BUFALO",
    "description": "Grasa de Caballo Protexol 75 ml",
    "category": "Limpieza calzado y accesorios",
    "url": "https://tienda.consum.es/es/p/grasa-de-caballo-protexol/7157782",
    "price": 2.75,
    "reference_price": 3.67,
    "iva": 21,
    "reference_unit": "100 ml",
    "date": "2023-01-17"
  },
  {
    "id": 12473,
    "name": "Crema Calzado Neutro Tarro 2 en 1 BUFALO",
    "description": "Crema Calzado Neutro Tarro 2 en 1 40 ml",
    "category": "Limpieza calzado y accesorios",
    "url": "https://tienda.consum.es/es/p/crema-calzado-neutro-tarro-2-en-1/7157790",
    "price": 2.99,
    "reference_price": 7.48,
    "iva": 21,
    "reference_unit": "100 ml",
    "date": "2023-01-17"
  },
  {
    "id": 12474,
    "name": "Crema Calzado Azul Tarro 2 en 1 BUFALO",
    "description": "Crema Calzado Azul Tarro 2 en 1 40 ml",
    "category": "Limpieza calzado y accesorios",
    "url": "https://tienda.consum.es/es/p/crema-calzado-azul-tarro-2-en-1/7157795",
    "price": 2.99,
    "reference_price": 7.48,
    "iva": 21,
    "reference_unit": "100 ml",
    "date": "2023-01-17"
  },
  {
    "id": 12483,
    "name": "Bebida Refrescante Tinto Uva y Manzana C.SALOBREÑA",
    "description": "Bebida Refrescante Tinto Uva y Manzana 1 L",
    "category": "Mosto",
    "url": "https://tienda.consum.es/es/p/bebida-refrescante-tinto-uva-y-manzana/7163905",
    "price": 1.69,
    "reference_price": 1.69,
    "iva": 21,
    "reference_unit": "1 L",
    "date": "2023-01-17"
  },
  {
    "id": 12484,
    "name": "Cepillo Calzado para Ante-Nobuck BUFALO",
    "description": "Cepillo Calzado para Ante-Nobuck 1 U",
    "category": "Limpieza calzado y accesorios",
    "url": "https://tienda.consum.es/es/p/cepillo-calzado-para-ante-nobuck/7164622",
    "price": 3.99,
    "reference_price": 3.99,
    "iva": 21,
    "reference_unit": "1 U",
    "date": "2023-01-17"
  },
  {
    "id": 12490,
    "name": "Patata Cocida Pelada Bolsa HUERCASA",
    "description": "Patata Cocida Pelada Bolsa 500 Gr",
    "category": "Ensaladas y brotes",
    "url": "https://tienda.consum.es/es/p/patata-cocida-pelada-bolsa/7170020",
    "price": 2.25,
    "reference_price": 4.5,
    "iva": 10,
    "reference_unit": "1 Kg",
    "date": "2023-01-17"
  },
  {
    "id": 12494,
    "name": "Pollo con Champiñones Bandeja CARRETILLA",
    "description": "Pollo con Champiñones Bandeja 250 Gr",
    "category": "Conservas",
    "url": "https://tienda.consum.es/es/p/pollo-con-champinones-bandeja/7173446",
    "price": 3.49,
    "reference_price": 13.96,
    "iva": 10,
    "reference_unit": "1 Kg",
    "date": "2023-01-17"
  },
  {
    "id": 12495,
    "name": "Macarrones Boloñesa Bandeja CARRETILLA",
    "description": "Macarrones Boloñesa Bandeja 325 Gr",
    "category": "Conservas",
    "url": "https://tienda.consum.es/es/p/macarrones-bolonesa-bandeja/7173458",
    "price": 2.65,
    "reference_price": 8.15,
    "iva": 10,
    "reference_unit": "1 Kg",
    "date": "2023-01-17"
  },
  {
    "id": 12497,
    "name": "Queso Camembert Porciones PRESIDENT",
    "description": "Queso Camembert Porciones 250 Gr",
    "category": "Brie, camembert y cremosos",
    "url": "https://tienda.consum.es/es/p/queso-camembert-porciones/7173862",
    "price": 4.57,
    "reference_price": 18.28,
    "iva": 0,
    "reference_unit": "1 Kg",
    "date": "2023-01-17"
  },
  {
    "id": 12500,
    "name": "Estropajo Metálico con Esponja CONSUM",
    "description": "Estropajo Metálico con Esponja 1 U",
    "category": "Estropajos",
    "url": "https://tienda.consum.es/es/p/estropajo-metalico-con-esponja/7176993",
    "price": 1.35,
    "reference_price": 1.35,
    "iva": 21,
    "reference_unit": "1 U",
    "date": "2023-01-17"
  },
  {
    "id": 12501,
    "name": "Judia Rochet Bandeja ",
    "description": "Judia Rochet Bandeja 250 Gr",
    "category": "Guisantes, habas y judías",
    "url": "https://tienda.consum.es/es/p/judia-rochet-bandeja/7179260",
    "price": 2.49,
    "reference_price": 9.96,
    "iva": 0,
    "reference_unit": "1 Kg",
    "date": "2023-01-17"
  },
  {
    "id": 12504,
    "name": "Ensalada Antiox Bolsa FLORETTE",
    "description": "Ensalada Antiox Bolsa 100 Gr",
    "category": "Ensaladas y brotes",
    "url": "https://tienda.consum.es/es/p/ensalada-antiox-bolsa/7181571",
    "price": 1.78,
    "reference_price": 17.8,
    "iva": 0,
    "reference_unit": "1 Kg",
    "date": "2023-01-17"
  },
  {
    "id": 12507,
    "name": "Colonia Femenina Nº1 CARAVAN",
    "description": "Colonia Femenina Nº1 150 ml",
    "category": "Femeninas",
    "url": "https://tienda.consum.es/es/p/colonia-femenina-n1/7182223",
    "price": 10.95,
    "reference_price": 7.3,
    "iva": 21,
    "reference_unit": "100 ml",
    "date": "2023-01-17"
  },
  {
    "id": 12508,
    "name": "Colonia Femenina Nº5 CARAVAN",
    "description": "Colonia Femenina Nº5 150 ml",
    "category": "Femeninas",
    "url": "https://tienda.consum.es/es/p/colonia-femenina-n5/7182228",
    "price": 10.95,
    "reference_price": 7.3,
    "iva": 21,
    "reference_unit": "100 ml",
    "date": "2023-01-17"
  },
  {
    "id": 12509,
    "name": "Colonia Femenina Nº30 CARAVAN",
    "description": "Colonia Femenina Nº30 150 ml",
    "category": "Femeninas",
    "url": "https://tienda.consum.es/es/p/colonia-femenina-n30/7182231",
    "price": 10.95,
    "reference_price": 7.3,
    "iva": 21,
    "reference_unit": "100 ml",
    "date": "2023-01-17"
  },
  {
    "id": 12510,
    "name": "Colonia Femenina Nº9 CARAVAN",
    "description": "Colonia Femenina Nº9 150 ml",
    "category": "Femeninas",
    "url": "https://tienda.consum.es/es/p/colonia-femenina-n9/7182249",
    "price": 10.95,
    "reference_price": 7.3,
    "iva": 21,
    "reference_unit": "100 ml",
    "date": "2023-01-17"
  },
  {
    "id": 12512,
    "name": "Colonia Femenina Nº82 CARAVAN",
    "description": "Colonia Femenina Nº82 150 ml",
    "category": "Femeninas",
    "url": "https://tienda.consum.es/es/p/colonia-femenina-n82/7182293",
    "price": 10.95,
    "reference_price": 7.3,
    "iva": 21,
    "reference_unit": "100 ml",
    "date": "2023-01-17"
  },
  {
    "id": 12513,
    "name": "Colonia Femenina Nº24 CARAVAN",
    "description": "Colonia Femenina Nº24 150 ml",
    "category": "Femeninas",
    "url": "https://tienda.consum.es/es/p/colonia-femenina-n24/7182306",
    "price": 10.95,
    "reference_price": 7.3,
    "iva": 21,
    "reference_unit": "100 ml",
    "date": "2023-01-17"
  },
  {
    "id": 12514,
    "name": "Colonia Femenina Nº39 CARAVAN",
    "description": "Colonia Femenina Nº39 150 ml",
    "category": "Femeninas",
    "url": "https://tienda.consum.es/es/p/colonia-femenina-n39/7182314",
    "price": 10.95,
    "reference_price": 7.3,
    "iva": 21,
    "reference_unit": "100 ml",
    "date": "2023-01-17"
  },
  {
    "id": 12515,
    "name": "Colonia Masculina Nº18 CARAVAN",
    "description": "Colonia Masculina Nº18 150 ml",
    "category": "Masculinas",
    "url": "https://tienda.consum.es/es/p/colonia-masculina-n18/7182330",
    "price": 10.95,
    "reference_price": 7.3,
    "iva": 21,
    "reference_unit": "100 ml",
    "date": "2023-01-17"
  },
  {
    "id": 12517,
    "name": "Esponja Limpia Calzado Negro YAK",
    "description": "Esponja Limpia Calzado Negro 1 U",
    "category": "Limpieza calzado y accesorios",
    "url": "https://tienda.consum.es/es/p/esponja-limpia-calzado-negro/7184484",
    "price": 1.5,
    "reference_price": 1.5,
    "iva": 21,
    "reference_unit": "1 U",
    "date": "2023-01-17"
  },
  {
    "id": 12520,
    "name": "Vino Tinto Monastrell D.O.Alicante LA TREMENDA",
    "description": "Vino Tinto Monastrell D.O.Alicante 0,75 L",
    "category": "Vinos d.o",
    "url": "https://tienda.consum.es/es/p/vino-tinto-monastrell-doalicante/7188931",
    "price": 5.49,
    "reference_price": 7.32,
    "iva": 21,
    "reference_unit": "1 L",
    "date": "2023-01-17"
  },
  {
    "id": 12521,
    "name": "Vino Rosado D.O.Rioja DUQUE NARDOS",
    "description": "Vino Rosado D.O.Rioja 0,75 L",
    "category": "Vinos d.o",
    "url": "https://tienda.consum.es/es/p/vino-rosado-dorioja/7188977",
    "price": 2.4,
    "reference_price": 3.2,
    "iva": 21,
    "reference_unit": "1 L",
    "date": "2023-01-17"
  },
  {
    "id": 12522,
    "name": "Vino Tinto Crianza D.O.Rioja DUQUE NARDOS",
    "description": "Vino Tinto Crianza D.O.Rioja 0,75 L",
    "category": "Vinos d.o",
    "url": "https://tienda.consum.es/es/p/vino-tinto-crianza-dorioja/7188993",
    "price": 3.2,
    "reference_price": 4.27,
    "iva": 21,
    "reference_unit": "1 L",
    "date": "2023-01-17"
  },
  {
    "id": 12523,
    "name": "Colonia Masculina Nº16 CARAVAN",
    "description": "Colonia Masculina Nº16 150 ml",
    "category": "Masculinas",
    "url": "https://tienda.consum.es/es/p/colonia-masculina-n16/7190502",
    "price": 10.95,
    "reference_price": 7.3,
    "iva": 21,
    "reference_unit": "100 ml",
    "date": "2023-01-17"
  },
  {
    "id": 12529,
    "name": "Colonia Masculina Nº54 CARAVAN",
    "description": "Colonia Masculina Nº54 150 ml",
    "category": "Masculinas",
    "url": "https://tienda.consum.es/es/p/colonia-masculina-n54/7197259",
    "price": 10.95,
    "reference_price": 7.3,
    "iva": 21,
    "reference_unit": "100 ml",
    "date": "2023-01-17"
  },
  {
    "id": 12530,
    "name": "Colonia Femenina Nº42 CARAVAN",
    "description": "Colonia Femenina Nº42 150 ml",
    "category": "Femeninas",
    "url": "https://tienda.consum.es/es/p/colonia-femenina-n42/7197374",
    "price": 10.95,
    "reference_price": 7.3,
    "iva": 21,
    "reference_unit": "100 ml",
    "date": "2023-01-17"
  },
  {
    "id": 12535,
    "name": "Pila Recargable AAA Pack de 4 Unidades ENERGIZER",
    "description": "Pila Recargable AAA Pack de 4 Unidades 4 x 1 U",
    "category": "Electricidad, pilas y bombillas",
    "url": "https://tienda.consum.es/es/p/pila-recargable-aaa-pack-de-4-unidades/7205508",
    "price": 7.99,
    "reference_price": 2,
    "iva": 21,
    "reference_unit": "1 U",
    "date": "2023-01-17"
  },
  {
    "id": 12536,
    "name": "Pila Alcalina Botón LR44 Pack de 2 unidades ENERGIZER",
    "description": "Pila Alcalina Botón LR44 Pack de 2 unidades 2 x 1 U",
    "category": "Electricidad, pilas y bombillas",
    "url": "https://tienda.consum.es/es/p/pila-alcalina-boton-lr44-pack-de-2-unidades/7205524",
    "price": 2.95,
    "reference_price": 1.48,
    "iva": 21,
    "reference_unit": "1 U",
    "date": "2023-01-17"
  },
  {
    "id": 12537,
    "name": "Aperitivo Sabor Mediterráneos BURGO ARIAS",
    "description": "Aperitivo Sabor Mediterráneos 100 Gr",
    "category": "Tablas",
    "url": "https://tienda.consum.es/es/p/aperitivo-sabor-mediterraneos/7206881",
    "price": 2.85,
    "reference_price": 28.5,
    "iva": 0,
    "reference_unit": "1 Kg",
    "date": "2023-01-17"
  },
  {
    "id": 12542,
    "name": "Ensalada de la Huerta Bandeja ",
    "description": "Ensalada de la Huerta Bandeja 400 Gr",
    "category": "Ensaladas preparadas y guacamole",
    "url": "https://tienda.consum.es/es/p/ensalada-de-la-huerta-bandeja/7209385",
    "price": 1.91,
    "reference_price": 4.78,
    "iva": 0,
    "reference_unit": "1 Kg",
    "date": "2023-01-17"
  },
  {
    "id": 12543,
    "name": "Vino Rosado D.O.Navarra VIÑA LERDEN",
    "description": "Vino Rosado D.O.Navarra 0,75 L",
    "category": "Vinos d.o",
    "url": "https://tienda.consum.es/es/p/vino-rosado-donavarra/7212223",
    "price": 2.1,
    "reference_price": 2.8,
    "iva": 21,
    "reference_unit": "1 L",
    "date": "2023-01-17"
  },
  {
    "id": 12548,
    "name": "Bolsas Multiusos Zipper Capacidad 1Litros ALBAL",
    "description": "Bolsas Multiusos Zipper Capacidad 1Litros 12 U",
    "category": "Bazar",
    "url": "https://tienda.consum.es/es/p/bolsas-multiusos-zipper-capacidad-1litros/7216849",
    "price": 2.65,
    "reference_price": 0.22,
    "iva": 21,
    "reference_unit": "1 U",
    "date": "2023-01-17"
  },
  {
    "id": 12550,
    "name": "Tinto de Verano Limón0.0 sin Alcohol Botella Pet LA CASERA",
    "description": "Tinto de Verano Limón0.0 sin Alcohol Botella Pet 1,5 L",
    "category": "Sangrías y combinados base vino",
    "url": "https://tienda.consum.es/es/p/tinto-de-verano-limon00-sin-alcohol-botella-pet/7220981",
    "price": 2.25,
    "reference_price": 1.5,
    "iva": 21,
    "reference_unit": "1 L",
    "date": "2023-01-17"
  },
  {
    "id": 12559,
    "name": "Colonia Femenina Nº21 CARAVAN",
    "description": "Colonia Femenina Nº21 150 ml",
    "category": "Femeninas",
    "url": "https://tienda.consum.es/es/p/colonia-femenina-n21/7226215",
    "price": 10.95,
    "reference_price": 7.3,
    "iva": 21,
    "reference_unit": "100 ml",
    "date": "2023-01-17"
  },
  {
    "id": 12560,
    "name": "Colonia Femenina Nº26 CARAVAN",
    "description": "Colonia Femenina Nº26 150 ml",
    "category": "Femeninas",
    "url": "https://tienda.consum.es/es/p/colonia-femenina-n26/7226223",
    "price": 10.95,
    "reference_price": 7.3,
    "iva": 21,
    "reference_unit": "100 ml",
    "date": "2023-01-17"
  },
  {
    "id": 12561,
    "name": "Colonia Femenina Nº31 CARAVAN",
    "description": "Colonia Femenina Nº31 150 ml",
    "category": "Femeninas",
    "url": "https://tienda.consum.es/es/p/colonia-femenina-n31/7226256",
    "price": 10.95,
    "reference_price": 7.3,
    "iva": 21,
    "reference_unit": "100 ml",
    "date": "2023-01-17"
  },
  {
    "id": 12562,
    "name": "Colonia Masculina Nº13 CARAVAN",
    "description": "Colonia Masculina Nº13 150 ml",
    "category": "Masculinas",
    "url": "https://tienda.consum.es/es/p/colonia-masculina-n13/7226285",
    "price": 10.95,
    "reference_price": 7.3,
    "iva": 21,
    "reference_unit": "100 ml",
    "date": "2023-01-17"
  },
  {
    "id": 12563,
    "name": "Colonia Masculina Nº14 CARAVAN",
    "description": "Colonia Masculina Nº14 150 ml",
    "category": "Masculinas",
    "url": "https://tienda.consum.es/es/p/colonia-masculina-n14/7226293",
    "price": 10.95,
    "reference_price": 7.3,
    "iva": 21,
    "reference_unit": "100 ml",
    "date": "2023-01-17"
  },
  {
    "id": 12564,
    "name": "Colonia Masculina Nº61 CARAVAN",
    "description": "Colonia Masculina Nº61 150 ml",
    "category": "Masculinas",
    "url": "https://tienda.consum.es/es/p/colonia-masculina-n61/7226314",
    "price": 10.95,
    "reference_price": 7.3,
    "iva": 21,
    "reference_unit": "100 ml",
    "date": "2023-01-17"
  },
  {
    "id": 12572,
    "name": "Estofado de Pavo ALDELIS",
    "description": "Estofado de Pavo",
    "category": "Aves y conejo",
    "url": "https://tienda.consum.es/es/p/estofado-de-pavo/7230563",
    "price": 3.55,
    "reference_price": 7.89,
    "iva": 10,
    "reference_unit": "1 Kg",
    "date": "2023-01-17"
  },
  {
    "id": 12582,
    "name": "Pechuga de Pavo Adobada Pimentón ALDELIS",
    "description": "Pechuga de Pavo Adobada Pimentón",
    "category": "Aves y conejo",
    "url": "https://tienda.consum.es/es/p/pechuga-de-pavo-adobada-pimenton/7236735",
    "price": 4.39,
    "reference_price": 9.75,
    "iva": 10,
    "reference_unit": "1 Kg",
    "date": "2023-01-17"
  },
  {
    "id": 12583,
    "name": "Lomo Extra Ajillo CONSUM",
    "description": "Lomo Extra Ajillo",
    "category": "Cerdo",
    "url": "https://tienda.consum.es/es/p/lomo-extra-ajillo/7237097",
    "price": 2.96,
    "reference_price": 8.45,
    "iva": 10,
    "reference_unit": "1 Kg",
    "date": "2023-01-17"
  },
  {
    "id": 12586,
    "name": "Callos de Ternera DADYMA",
    "description": "Callos de Ternera 400 Gr",
    "category": "Otros elaborados",
    "url": "https://tienda.consum.es/es/p/callos-de-ternera/7238350",
    "price": 3.45,
    "reference_price": 8.63,
    "iva": 10,
    "reference_unit": "1 Kg",
    "date": "2023-01-17"
  },
  {
    "id": 12588,
    "name": "Fabada Asturiana Bandeja CARRETILLA",
    "description": "Fabada Asturiana Bandeja 350 Gr",
    "category": "Conservas",
    "url": "https://tienda.consum.es/es/p/fabada-asturiana-bandeja/7239320",
    "price": 2.59,
    "reference_price": 7.4,
    "iva": 10,
    "reference_unit": "1 Kg",
    "date": "2023-01-17"
  },
  {
    "id": 12600,
    "name": "Harina de Fuerza Paquete GALLO",
    "description": "Harina de Fuerza Paquete 1 Kg",
    "category": "Despensa",
    "url": "https://tienda.consum.es/es/p/harina-de-fuerza-paquete/7243723",
    "price": 1.78,
    "reference_price": 1.78,
    "iva": 0,
    "reference_unit": "1 Kg",
    "date": "2023-01-17"
  },
  {
    "id": 12606,
    "name": "Espuma Color Plata NELLY",
    "description": "Espuma Color Plata 75 ml",
    "category": "Espumas y mousses",
    "url": "https://tienda.consum.es/es/p/espuma-color-plata/7246098",
    "price": 3.79,
    "reference_price": 2.53,
    "iva": 21,
    "reference_unit": "100 ml",
    "date": "2023-01-17"
  },
  {
    "id": 12608,
    "name": "Brotes de Espinacas Bolsa FLORETTE",
    "description": "Brotes de Espinacas Bolsa 125 Gr",
    "category": "Ensaladas y brotes",
    "url": "https://tienda.consum.es/es/p/brotes-de-espinacas-bolsa/7246916",
    "price": 1.72,
    "reference_price": 13.76,
    "iva": 0,
    "reference_unit": "1 Kg",
    "date": "2023-01-17"
  },
  {
    "id": 12609,
    "name": "Colonia Femenina Nº3 Mini CARAVAN",
    "description": "Colonia Femenina Nº3 Mini 30 ml",
    "category": "Femeninas",
    "url": "https://tienda.consum.es/es/p/colonia-femenina-n3-mini/7248599",
    "price": 3.5,
    "reference_price": 11.67,
    "iva": 21,
    "reference_unit": "100 ml",
    "date": "2023-01-17"
  },
  {
    "id": 12613,
    "name": "Colonia Femenina Nº27 Mini CARAVAN",
    "description": "Colonia Femenina Nº27 Mini 30 ml",
    "category": "Femeninas",
    "url": "https://tienda.consum.es/es/p/colonia-femenina-n27-mini/7248664",
    "price": 3.5,
    "reference_price": 11.67,
    "iva": 21,
    "reference_unit": "100 ml",
    "date": "2023-01-17"
  },
  {
    "id": 12615,
    "name": "Colonia Femenina Nº37 Mini CARAVAN",
    "description": "Colonia Femenina Nº37 Mini 30 ml",
    "category": "Femeninas",
    "url": "https://tienda.consum.es/es/p/colonia-femenina-n37-mini/7248966",
    "price": 3.5,
    "reference_price": 11.67,
    "iva": 21,
    "reference_unit": "100 ml",
    "date": "2023-01-17"
  },
  {
    "id": 12616,
    "name": "Colonia Femenina Nº39 Mini CARAVAN",
    "description": "Colonia Femenina Nº39 Mini 30 ml",
    "category": "Femeninas",
    "url": "https://tienda.consum.es/es/p/colonia-femenina-n39-mini/7248990",
    "price": 3.5,
    "reference_price": 11.67,
    "iva": 21,
    "reference_unit": "100 ml",
    "date": "2023-01-17"
  },
  {
    "id": 12617,
    "name": "Colonia Femenina Nº42 Mini CARAVAN",
    "description": "Colonia Femenina Nº42 Mini 30 ml",
    "category": "Femeninas",
    "url": "https://tienda.consum.es/es/p/colonia-femenina-n42-mini/7249253",
    "price": 3.5,
    "reference_price": 11.67,
    "iva": 21,
    "reference_unit": "100 ml",
    "date": "2023-01-17"
  },
  {
    "id": 12618,
    "name": "Colonia Masculina Nº15 Mini CARAVAN",
    "description": "Colonia Masculina Nº15 Mini 30 ml",
    "category": "Masculinas",
    "url": "https://tienda.consum.es/es/p/colonia-masculina-n15-mini/7249279",
    "price": 3.5,
    "reference_price": 11.67,
    "iva": 21,
    "reference_unit": "100 ml",
    "date": "2023-01-17"
  },
  {
    "id": 12620,
    "name": "Colonia Femenina Nº43 CARAVAN",
    "description": "Colonia Femenina Nº43 150 ml",
    "category": "Femeninas",
    "url": "https://tienda.consum.es/es/p/colonia-femenina-n43/7249311",
    "price": 10.95,
    "reference_price": 7.3,
    "iva": 21,
    "reference_unit": "100 ml",
    "date": "2023-01-17"
  },
  {
    "id": 12623,
    "name": "Desodorante Calzado Desinfectante 150 ml SANYTOL",
    "description": "Desodorante Calzado Desinfectante 150 ml 1 U",
    "category": "Limpieza calzado y accesorios",
    "url": "https://tienda.consum.es/es/p/desodorante-calzado-desinfectante-150-ml/7249543",
    "price": 3.49,
    "reference_price": 3.49,
    "iva": 21,
    "reference_unit": "1 U",
    "date": "2023-01-17"
  },
  {
    "id": 12624,
    "name": "Vino Blanco D.O.Alicante LA TREMENDA",
    "description": "Vino Blanco D.O.Alicante 0,75 L",
    "category": "Vinos d.o",
    "url": "https://tienda.consum.es/es/p/vino-blanco-doalicante/7249803",
    "price": 5.49,
    "reference_price": 7.32,
    "iva": 21,
    "reference_unit": "1 L",
    "date": "2023-01-17"
  },
  {
    "id": 12629,
    "name": "Champú 2 en 1 KYREY",
    "description": "Champú 2 en 1 400 ml",
    "category": "Champú",
    "url": "https://tienda.consum.es/es/p/champu-2-en-1/7251981",
    "price": 1.7,
    "reference_price": 0.43,
    "iva": 21,
    "reference_unit": "100 ml",
    "date": "2023-01-17"
  },
  {
    "id": 12632,
    "name": "Colonia Femenina Nº31 Mini CARAVAN",
    "description": "Colonia Femenina Nº31 Mini 30 ml",
    "category": "Femeninas",
    "url": "https://tienda.consum.es/es/p/colonia-femenina-n31-mini/7254399",
    "price": 3.5,
    "reference_price": 11.67,
    "iva": 21,
    "reference_unit": "100 ml",
    "date": "2023-01-17"
  },
  {
    "id": 12639,
    "name": "Colonia Muy Mío Sport BUSTAMANTE",
    "description": "Colonia Muy Mío Sport 100 ml",
    "category": "Masculinas",
    "url": "https://tienda.consum.es/es/p/colonia-muy-mio-sport/7257053",
    "price": 7.99,
    "reference_price": 7.99,
    "iva": 21,
    "reference_unit": "100 ml",
    "date": "2023-01-17"
  },
  {
    "id": 12640,
    "name": "Vino Rosado de Mesa Brik PEÑASOL",
    "description": "Vino Rosado de Mesa Brik 1 L",
    "category": "Mesa",
    "url": "https://tienda.consum.es/es/p/vino-rosado-de-mesa-brik/7257843",
    "price": 1.39,
    "reference_price": 1.39,
    "iva": 21,
    "reference_unit": "1 L",
    "date": "2023-01-17"
  },
  {
    "id": 12642,
    "name": "Guante Flocado Látex Rosa Talla Mediana CONSUM",
    "description": "Guante Flocado Látex Rosa Talla Mediana 1 U",
    "category": "Guantes domésticos",
    "url": "https://tienda.consum.es/es/p/guante-flocado-latex-rosa-talla-mediana/7258739",
    "price": 0.9,
    "reference_price": 0.9,
    "iva": 21,
    "reference_unit": "1 U",
    "date": "2023-01-17"
  },
  {
    "id": 12643,
    "name": "Pila Litio Botón CR 2025 ENERGIZER",
    "description": "Pila Litio Botón CR 2025 2 U",
    "category": "Electricidad, pilas y bombillas",
    "url": "https://tienda.consum.es/es/p/pila-litio-boton-cr-2025/7260169",
    "price": 4.69,
    "reference_price": 2.35,
    "iva": 21,
    "reference_unit": "1 U",
    "date": "2023-01-17"
  },
  {
    "id": 12644,
    "name": "Limpiador Desincrustante WC NET",
    "description": "Limpiador Desincrustante 0,8 L",
    "category": "Limpieza baños",
    "url": "https://tienda.consum.es/es/p/limpiador-desincrustante/7260201",
    "price": 3.09,
    "reference_price": 3.86,
    "iva": 21,
    "reference_unit": "1 L",
    "date": "2023-01-17"
  },
  {
    "id": 12654,
    "name": "Limpiador de Alfombras y Tapicerías OMINO BIANCO",
    "description": "Limpiador de Alfombras y Tapicerías 0,3 L",
    "category": "Limpieza hogar",
    "url": "https://tienda.consum.es/es/p/limpiador-de-alfombras-y-tapicerias/7264166",
    "price": 6.99,
    "reference_price": 23.3,
    "iva": 21,
    "reference_unit": "1 L",
    "date": "2023-01-17"
  },
  {
    "id": 12662,
    "name": "Capuccino Descafeinado Soluble NESCAFE",
    "description": "Capuccino Descafeinado Soluble 250 Gr",
    "category": "Café Soluble ",
    "url": "https://tienda.consum.es/es/p/capuccino-descafeinado-soluble/7266104",
    "price": 3.95,
    "reference_price": 15.8,
    "iva": 10,
    "reference_unit": "1 Kg",
    "date": "2023-01-17"
  },
  {
    "id": 12670,
    "name": "Solomillo de Añojo CONSUM",
    "description": "Solomillo de Añojo",
    "category": "Ternera y añojo",
    "url": "https://tienda.consum.es/es/p/solomillo-de-anojo/7267326",
    "price": 9.99,
    "reference_price": 39.95,
    "iva": 10,
    "reference_unit": "1 Kg",
    "date": "2023-01-17"
  },
  {
    "id": 12671,
    "name": "Solomillo al Romero EL POZO",
    "description": "Solomillo al Romero",
    "category": "Cerdo",
    "url": "https://tienda.consum.es/es/p/solomillo-al-romero/7267391",
    "price": 5.99,
    "reference_price": 9.95,
    "iva": 10,
    "reference_unit": "1 Kg",
    "date": "2023-01-17"
  },
  {
    "id": 12675,
    "name": "Churrasquitos de Cordero CONSUM",
    "description": "Churrasquitos de Cordero",
    "category": "Cordero",
    "url": "https://tienda.consum.es/es/p/churrasquitos-de-cordero/7267573",
    "price": 4.38,
    "reference_price": 10.95,
    "iva": 10,
    "reference_unit": "1 Kg",
    "date": "2023-01-17"
  },
  {
    "id": 12681,
    "name": "Bayeta Extra Absorbente BALLERINA",
    "description": "Bayeta Extra Absorbente 3 U",
    "category": "Bayetas, gamuzas y plumeros",
    "url": "https://tienda.consum.es/es/p/bayeta-extra-absorbente/7270056",
    "price": 1.99,
    "reference_price": 0.66,
    "iva": 21,
    "reference_unit": "1 U",
    "date": "2023-01-17"
  },
  {
    "id": 12682,
    "name": "Zumo Exprimido Piña Uva sin Pulpa Minibrik DON SIMON",
    "description": "Zumo Exprimido Piña Uva sin Pulpa Minibrik 4 x 125 ml",
    "category": "Zumos y néctares no refrigerados",
    "url": "https://tienda.consum.es/es/p/zumo-exprimido-pina-uva-sin-pulpa-minibrik/7270247",
    "price": 1.25,
    "reference_price": 2.5,
    "iva": 10,
    "reference_unit": "1 L",
    "date": "2023-01-17"
  },
  {
    "id": 12683,
    "name": "Colonia Nº5 Jazmín Aguas de V&L V&L",
    "description": "Colonia Nº5 Jazmín Aguas de V&L 150 ml",
    "category": "Femeninas",
    "url": "https://tienda.consum.es/es/p/colonia-n5-jazmin-aguas-de-vl/7270879",
    "price": 9.9,
    "reference_price": 6.6,
    "iva": 21,
    "reference_unit": "100 ml",
    "date": "2023-01-17"
  },
  {
    "id": 12687,
    "name": "Ensalada de Quinoa Bol CARRETILLA",
    "description": "Ensalada de Quinoa Bol 230 Gr",
    "category": "Despensa",
    "url": "https://tienda.consum.es/es/p/ensalada-de-quinoa-bol/7271059",
    "price": 2.15,
    "reference_price": 9.35,
    "iva": 10,
    "reference_unit": "1 Kg",
    "date": "2023-01-17"
  },
  {
    "id": 12688,
    "name": "Aceite Oliva Virgen Extra Botella ALDALUZ",
    "description": "Aceite Oliva Virgen Extra Botella 1 L",
    "category": "Aceite de oliva virgen y virgen extra",
    "url": "https://tienda.consum.es/es/p/aceite-oliva-virgen-extra-botella/7271125",
    "price": 6.25,
    "reference_price": 6.25,
    "iva": 5,
    "reference_unit": "1 L",
    "date": "2023-01-17"
  },
  {
    "id": 12693,
    "name": "Néctar Piña sin Azúcar Añadido Brik JUVER",
    "description": "Néctar Piña sin Azúcar Añadido Brik 2 L",
    "category": "Zumos y néctares sin azúcar",
    "url": "https://tienda.consum.es/es/p/nectar-pina-sin-azucar-anadido-brik/7271898",
    "price": 3.49,
    "reference_price": 1.75,
    "iva": 21,
    "reference_unit": "1 L",
    "date": "2023-01-17"
  },
  {
    "id": 12698,
    "name": "Muslo de Pollo Deshuesado CONSUM",
    "description": "Muslo de Pollo Deshuesado",
    "category": "Aves y conejo",
    "url": "https://tienda.consum.es/es/p/muslo-de-pollo-deshuesado/7272883",
    "price": 2.88,
    "reference_price": 5.75,
    "iva": 10,
    "reference_unit": "1 Kg",
    "date": "2023-01-17"
  },
  {
    "id": 12699,
    "name": "Cuarto Trasero de Pollo Certificado CONSUM",
    "description": "Cuarto Trasero de Pollo Certificado",
    "category": "Aves y conejo",
    "url": "https://tienda.consum.es/es/p/cuarto-trasero-de-pollo-certificado/7272933",
    "price": 2.73,
    "reference_price": 4.95,
    "iva": 10,
    "reference_unit": "1 Kg",
    "date": "2023-01-17"
  },
  {
    "id": 12700,
    "name": "Pechuga Fileteada de Pollo Certificado CONSUM",
    "description": "Pechuga Fileteada de Pollo Certificado",
    "category": "Aves y conejo",
    "url": "https://tienda.consum.es/es/p/pechuga-fileteada-de-pollo-certificado/7272941",
    "price": 5.72,
    "reference_price": 9.5,
    "iva": 10,
    "reference_unit": "1 Kg",
    "date": "2023-01-17"
  },
  {
    "id": 12709,
    "name": "Chicle Grajeado Hierbabuena Bote TRIDENT",
    "description": "Chicle Grajeado Hierbabuena Bote 82,6 Gr",
    "category": "Chicles, caramelos y gominolas",
    "url": "https://tienda.consum.es/es/p/chicle-grajeado-hierbabuena-bote/7273837",
    "price": 3.05,
    "reference_price": 36.92,
    "iva": 10,
    "reference_unit": "1 Kg",
    "date": "2023-01-17"
  },
  {
    "id": 12712,
    "name": "Bebida de Chufa sin Lactosa Brik MERCADER",
    "description": "Bebida de Chufa sin Lactosa Brik 1 L",
    "category": "Horchatas",
    "url": "https://tienda.consum.es/es/p/bebida-de-chufa-sin-lactosa-brik/7274319",
    "price": 1.45,
    "reference_price": 1.45,
    "iva": 10,
    "reference_unit": "1 L",
    "date": "2023-01-17"
  },
  {
    "id": 12715,
    "name": "Tinte Nutrisse 7 Rubio GARNIER",
    "description": "Tinte Nutrisse 7 Rubio 1 U",
    "category": "Coloración",
    "url": "https://tienda.consum.es/es/p/tinte-nutrisse-7-rubio/7274590",
    "price": 4.99,
    "reference_price": 4.99,
    "iva": 21,
    "reference_unit": "1 U",
    "date": "2023-01-17"
  },
  {
    "id": 12716,
    "name": "Tinte Nutrisse 5 Castaño Claro GARNIER",
    "description": "Tinte Nutrisse 5 Castaño Claro 1 U",
    "category": "Coloración",
    "url": "https://tienda.consum.es/es/p/tinte-nutrisse-5-castano-claro/7274603",
    "price": 4.99,
    "reference_price": 4.99,
    "iva": 21,
    "reference_unit": "1 U",
    "date": "2023-01-17"
  },
  {
    "id": 12717,
    "name": "Tinte Nutrisse 8 Rubio Claro GARNIER",
    "description": "Tinte Nutrisse 8 Rubio Claro 1 U",
    "category": "Coloración",
    "url": "https://tienda.consum.es/es/p/tinte-nutrisse-8-rubio-claro/7274616",
    "price": 4.99,
    "reference_price": 4.99,
    "iva": 21,
    "reference_unit": "1 U",
    "date": "2023-01-17"
  },
  {
    "id": 12719,
    "name": "Tinte Nutrisse 6.41 Marrón Intenso GARNIER",
    "description": "Tinte Nutrisse 6.41 Marrón Intenso 1 U",
    "category": "Coloración",
    "url": "https://tienda.consum.es/es/p/tinte-nutrisse-641-marron-intenso/7274632",
    "price": 4.99,
    "reference_price": 4.99,
    "iva": 21,
    "reference_unit": "1 U",
    "date": "2023-01-17"
  },
  {
    "id": 12722,
    "name": "Col Lombarda Entera Peso Aproximado 1 kg ",
    "description": "Col Lombarda Entera Peso Aproximado 1 kg",
    "category": "Brócoli, col y coliflor",
    "url": "https://tienda.consum.es/es/p/col-lombarda-entera-peso-aproximado-1-kg/2469",
    "price": 1.63,
    "reference_price": 1.63,
    "iva": 0,
    "reference_unit": "1 Kg",
    "date": "2023-01-17"
  },
  {
    "id": 12727,
    "name": "Apio Blanco Bolsa ",
    "description": "Apio Blanco Bolsa 400 Gr",
    "category": "Otras verduras",
    "url": "https://tienda.consum.es/es/p/apio-blanco-bolsa/56655",
    "price": 1.91,
    "reference_price": 4.78,
    "iva": 0,
    "reference_unit": "1 Kg",
    "date": "2023-01-17"
  },
  {
    "id": 12728,
    "name": "Tomate para Untar Bandeja ",
    "description": "Tomate para Untar Bandeja 500 Gr",
    "category": "Pepinos, tomates y pimientos",
    "url": "https://tienda.consum.es/es/p/tomate-para-untar-bandeja/62216",
    "price": 2.16,
    "reference_price": 4.32,
    "iva": 0,
    "reference_unit": "1 Kg",
    "date": "2023-01-17"
  },
  {
    "id": 12729,
    "name": "Calabaza entera ",
    "description": "Calabaza entera",
    "category": "Calabaza y calabacín",
    "url": "https://tienda.consum.es/es/p/calabaza-entera/90613",
    "price": 2.53,
    "reference_price": 1.72,
    "iva": 0,
    "reference_unit": "1 Kg",
    "date": "2023-01-17"
  },
  {
    "id": 12732,
    "name": "Vino Tinto Reserva D.O.Rioja MARQ.CACERES",
    "description": "Vino Tinto Reserva D.O.Rioja 0,75 L",
    "category": "Vinos d.o",
    "url": "https://tienda.consum.es/es/p/vino-tinto-reserva-dorioja/112839",
    "price": 11.85,
    "reference_price": 15.8,
    "iva": 21,
    "reference_unit": "1 L",
    "date": "2023-01-17"
  },
  {
    "id": 12733,
    "name": "Vino Blanco D.O.Rioja MQ.CACERES",
    "description": "Vino Blanco D.O.Rioja 0,75 L - Marqués de Cáceres",
    "category": "Vinos d.o",
    "url": "https://tienda.consum.es/es/p/vino-blanco-dorioja/112854",
    "price": 4.8,
    "reference_price": 6.4,
    "iva": 21,
    "reference_unit": "1 L",
    "date": "2023-01-17"
  },
  {
    "id": 12734,
    "name": "Vino Rosado D.O.Rioja MQ.CACERES",
    "description": "Vino Rosado D.O.Rioja 0,75 L",
    "category": "Vinos d.o",
    "url": "https://tienda.consum.es/es/p/vino-rosado-dorioja/117853",
    "price": 5.15,
    "reference_price": 6.87,
    "iva": 21,
    "reference_unit": "1 L",
    "date": "2023-01-17"
  },
  {
    "id": 12735,
    "name": "Cava Brut Extra D.O.Cava CODORNIU",
    "description": "Cava Brut Extra D.O.Cava 0,75 L",
    "category": "Cavas y sidras",
    "url": "https://tienda.consum.es/es/p/cava-brut-extra-docava/151357",
    "price": 6.99,
    "reference_price": 9.32,
    "iva": 21,
    "reference_unit": "1 L",
    "date": "2023-01-17"
  },
  {
    "id": 12737,
    "name": "Cava Brut Nature G.Rsva D.O.Cava JUVE CAMPS",
    "description": "Cava Brut Nature G.Rsva D.O.Cava 0,75 L",
    "category": "Cavas y sidras",
    "url": "https://tienda.consum.es/es/p/cava-brut-nature-grsva-docava/157271",
    "price": 18.95,
    "reference_price": 25.27,
    "iva": 21,
    "reference_unit": "1 L",
    "date": "2023-01-17"
  },
  {
    "id": 12738,
    "name": "Cava Gran Cremant Brut D.O.Cava CODORNIU",
    "description": "Cava Gran Cremant Brut D.O.Cava 0,75 L",
    "category": "Cavas y sidras",
    "url": "https://tienda.consum.es/es/p/cava-gran-cremant-brut-docava/161802",
    "price": 5.45,
    "reference_price": 7.27,
    "iva": 21,
    "reference_unit": "1 L",
    "date": "2023-01-17"
  },
  {
    "id": 12739,
    "name": "Vino Tinto Gran Reserva D.O.Valdepeñas VIÑA ALBALI",
    "description": "Vino Tinto Gran Reserva D.O.Valdepeñas 0,75 L",
    "category": "Vinos d.o",
    "url": "https://tienda.consum.es/es/p/vino-tinto-gran-reserva-dovaldepenas/170399",
    "price": 5.74,
    "reference_price": 7.65,
    "iva": 21,
    "reference_unit": "1 L",
    "date": "2023-01-17"
  },
  {
    "id": 12740,
    "name": "Vino Blanco Palomino D.O.Ribeiro PAZO",
    "description": "Vino Blanco Palomino D.O.Ribeiro 0,75 L",
    "category": "Vinos d.o",
    "url": "https://tienda.consum.es/es/p/vino-blanco-palomino-doribeiro/221440",
    "price": 4.49,
    "reference_price": 5.99,
    "iva": 21,
    "reference_unit": "1 L",
    "date": "2023-01-17"
  },
  {
    "id": 12745,
    "name": "Vino Rosado D.O.Valdepeñas LOS MOLINOS",
    "description": "Vino Rosado D.O.Valdepeñas 0,75 L",
    "category": "Vinos d.o",
    "url": "https://tienda.consum.es/es/p/vino-rosado-dovaldepenas/303321",
    "price": 2.39,
    "reference_price": 3.19,
    "iva": 21,
    "reference_unit": "1 L",
    "date": "2023-01-17"
  },
  {
    "id": 12746,
    "name": "Cava Brut Nature D.O.Cava BACH",
    "description": "Cava Brut Nature D.O.Cava 0,75 L",
    "category": "Cavas y sidras",
    "url": "https://tienda.consum.es/es/p/cava-brut-nature-docava/307108",
    "price": 4.55,
    "reference_price": 6.07,
    "iva": 21,
    "reference_unit": "1 L",
    "date": "2023-01-17"
  },
  {
    "id": 12748,
    "name": "Vino Blanco D.O.Cataluña VIÑA SOL",
    "description": "Vino Blanco D.O.Cataluña 0,75 L",
    "category": "Vinos d.o",
    "url": "https://tienda.consum.es/es/p/vino-blanco-docataluna/308031",
    "price": 6.6,
    "reference_price": 8.8,
    "iva": 21,
    "reference_unit": "1 L",
    "date": "2023-01-17"
  },
  {
    "id": 12750,
    "name": "Vino Tinto D.O.Cataluña SANGRE TORO",
    "description": "Vino Tinto D.O.Cataluña 0,75 L",
    "category": "Vinos d.o",
    "url": "https://tienda.consum.es/es/p/vino-tinto-docataluna/308064",
    "price": 5.4,
    "reference_price": 7.2,
    "iva": 21,
    "reference_unit": "1 L",
    "date": "2023-01-17"
  },
  {
    "id": 12751,
    "name": "Limpia Metales SIDOL",
    "description": "Limpia Metales 0,15 L",
    "category": "Otros limpiadores específicos",
    "url": "https://tienda.consum.es/es/p/limpia-metales/310649",
    "price": 4.85,
    "reference_price": 32.33,
    "iva": 21,
    "reference_unit": "1 L",
    "date": "2023-01-17"
  },
  {
    "id": 12753,
    "name": "Cava Brut D.O.Cava CODORNIU",
    "description": "Cava Brut D.O.Cava 0,75 L",
    "category": "Cavas y sidras",
    "url": "https://tienda.consum.es/es/p/cava-brut-docava/313254",
    "price": 8.69,
    "reference_price": 11.59,
    "iva": 21,
    "reference_unit": "1 L",
    "date": "2023-01-17"
  },
  {
    "id": 12754,
    "name": "Cava Gran Cremant Semi CODORNIU",
    "description": "Cava Gran Cremant Semi 0,75 L",
    "category": "Cavas y sidras",
    "url": "https://tienda.consum.es/es/p/cava-gran-cremant-semi/313312",
    "price": 5.45,
    "reference_price": 7.27,
    "iva": 21,
    "reference_unit": "1 L",
    "date": "2023-01-17"
  },
  {
    "id": 12755,
    "name": "Vino Dulce Kina SAN CLEMENTE",
    "description": "Vino Dulce Kina 1 L",
    "category": "Finos y dulces",
    "url": "https://tienda.consum.es/es/p/vino-dulce-kina/317743",
    "price": 6.35,
    "reference_price": 6.35,
    "iva": 21,
    "reference_unit": "1 L",
    "date": "2023-01-17"
  },
  {
    "id": 12756,
    "name": "Vino Tinto Dulce D.O.Malaga MAL.VIRGEN",
    "description": "Vino Tinto Dulce D.O.Malaga 0,75 L",
    "category": "Finos y dulces",
    "url": "https://tienda.consum.es/es/p/vino-tinto-dulce-domalaga/317784",
    "price": 8.79,
    "reference_price": 11.72,
    "iva": 21,
    "reference_unit": "1 L",
    "date": "2023-01-17"
  },
  {
    "id": 12757,
    "name": "Vino Fino D.O.Jerez TIO PEPE",
    "description": "Vino Fino D.O.Jerez 0,75 L",
    "category": "Finos y dulces",
    "url": "https://tienda.consum.es/es/p/vino-fino-dojerez/317966",
    "price": 6.79,
    "reference_price": 9.05,
    "iva": 21,
    "reference_unit": "1 L",
    "date": "2023-01-17"
  },
  {
    "id": 12758,
    "name": "Vino Tinto Reserva D.O.Rioja MARQ.RISCAL",
    "description": "Vino Tinto Reserva D.O.Rioja 0,75 L",
    "category": "Vinos d.o",
    "url": "https://tienda.consum.es/es/p/vino-tinto-reserva-dorioja/318204",
    "price": 15.6,
    "reference_price": 20.8,
    "iva": 21,
    "reference_unit": "1 L",
    "date": "2023-01-17"
  },
  {
    "id": 12759,
    "name": "Vino Tinto D.O.Cataluña BACH",
    "description": "Vino Tinto D.O.Cataluña 0,75 L",
    "category": "Vinos d.o",
    "url": "https://tienda.consum.es/es/p/vino-tinto-docataluna/318253",
    "price": 4.55,
    "reference_price": 6.07,
    "iva": 21,
    "reference_unit": "1 L",
    "date": "2023-01-17"
  },
  {
    "id": 12760,
    "name": "Vino Tinto Crianza D.O.Rioja CAMPO VIEJO",
    "description": "Vino Tinto Crianza D.O.Rioja 0,75 L",
    "category": "Vinos d.o",
    "url": "https://tienda.consum.es/es/p/vino-tinto-crianza-dorioja/318436",
    "price": 5.54,
    "reference_price": 7.39,
    "iva": 21,
    "reference_unit": "1 L",
    "date": "2023-01-17"
  },
  {
    "id": 12763,
    "name": "Cava Brut Nature D.O.Cava CONDE CARALT",
    "description": "Cava Brut Nature D.O.Cava 0,75 L",
    "category": "Cavas y sidras",
    "url": "https://tienda.consum.es/es/p/cava-brut-nature-docava/347112",
    "price": 4.75,
    "reference_price": 6.33,
    "iva": 21,
    "reference_unit": "1 L",
    "date": "2023-01-17"
  },
  {
    "id": 12764,
    "name": "Cava Brut D.O.Cava C. NUBIOLA",
    "description": "Cava Brut D.O.Cava 0,75 L",
    "category": "Cavas y sidras",
    "url": "https://tienda.consum.es/es/p/cava-brut-docava/373217",
    "price": 3.99,
    "reference_price": 5.32,
    "iva": 21,
    "reference_unit": "1 L",
    "date": "2023-01-17"
  },
  {
    "id": 12765,
    "name": "Cava Brut Reserva D.O.Cava SEG.VIUDAS",
    "description": "Cava Brut Reserva D.O.Cava 0,75 L",
    "category": "Cavas y sidras",
    "url": "https://tienda.consum.es/es/p/cava-brut-reserva-docava/373225",
    "price": 8.49,
    "reference_price": 11.32,
    "iva": 21,
    "reference_unit": "1 L",
    "date": "2023-01-17"
  },
  {
    "id": 12766,
    "name": "Cava Brut Nature Reserv D.O.Cava FREIXENET",
    "description": "Cava Brut Nature Reserv D.O.Cava 0,75 L",
    "category": "Cavas y sidras",
    "url": "https://tienda.consum.es/es/p/cava-brut-nature-reserv-docava/373415",
    "price": 8.69,
    "reference_price": 11.59,
    "iva": 21,
    "reference_unit": "1 L",
    "date": "2023-01-17"
  },
  {
    "id": 12770,
    "name": "Almidón Spray TOKE",
    "description": "Almidón Spray 0,5 L",
    "category": "Aditivos y complementos",
    "url": "https://tienda.consum.es/es/p/almidon-spray/410464",
    "price": 4.75,
    "reference_price": 9.5,
    "iva": 21,
    "reference_unit": "1 L",
    "date": "2023-01-17"
  },
  {
    "id": 12773,
    "name": "Limpia Hornos Mr. Musculo FORZA",
    "description": "Limpia Hornos Mr. Musculo 0,3 L",
    "category": "Otros limpiadores específicos",
    "url": "https://tienda.consum.es/es/p/limpia-hornos-mr-musculo/415802",
    "price": 7.25,
    "reference_price": 24.17,
    "iva": 21,
    "reference_unit": "1 L",
    "date": "2023-01-17"
  },
  {
    "id": 12774,
    "name": "Crema Facial Hidratante Piel Seca y Sensible DIADERMINE",
    "description": "Crema Facial Hidratante Piel Seca y Sensible 50 ml",
    "category": "Hidratación",
    "url": "https://tienda.consum.es/es/p/crema-facial-hidratante-piel-seca-y-sensible/425819",
    "price": 9.95,
    "reference_price": 19.9,
    "iva": 21,
    "reference_unit": "100 ml",
    "date": "2023-01-17"
  },
  {
    "id": 12776,
    "name": "Crema Facial Antiarrugas Doble Acción DIADERMINE",
    "description": "Crema Facial Antiarrugas Doble Acción 50 ml",
    "category": "Hidratación",
    "url": "https://tienda.consum.es/es/p/crema-facial-antiarrugas-doble-accion/425843",
    "price": 9.95,
    "reference_price": 19.9,
    "iva": 21,
    "reference_unit": "100 ml",
    "date": "2023-01-17"
  },
  {
    "id": 12778,
    "name": "Quitamanchas en Seco Spray CEBRALIN",
    "description": "Quitamanchas en Seco Spray 0,2 L",
    "category": "Aditivos y complementos",
    "url": "https://tienda.consum.es/es/p/quitamanchas-en-seco-spray/479964",
    "price": 3.69,
    "reference_price": 18.45,
    "iva": 21,
    "reference_unit": "1 L",
    "date": "2023-01-17"
  },
  {
    "id": 12779,
    "name": "Vino Blanco D.O.Cataluña V. ESMERALDA",
    "description": "Vino Blanco D.O.Cataluña 0,75 L",
    "category": "Vinos d.o",
    "url": "https://tienda.consum.es/es/p/vino-blanco-docataluna/483032",
    "price": 9.15,
    "reference_price": 12.2,
    "iva": 21,
    "reference_unit": "1 L",
    "date": "2023-01-17"
  },
  {
    "id": 12782,
    "name": "Yuca ",
    "description": "Yuca",
    "category": "Fruta tropical",
    "url": "https://tienda.consum.es/es/p/yuca/961318",
    "price": 2.95,
    "reference_price": 3.36,
    "iva": 0,
    "reference_unit": "1 Kg",
    "date": "2023-01-17"
  },
  {
    "id": 12784,
    "name": "Plátano de Freir ",
    "description": "Plátano de Freir",
    "category": "Manzana, pera y plátano",
    "url": "https://tienda.consum.es/es/p/platano-de-freir/961375",
    "price": 1.02,
    "reference_price": 2.88,
    "iva": 0,
    "reference_unit": "1 Kg",
    "date": "2023-01-17"
  },
  {
    "id": 12786,
    "name": "Garrofón Seco Malla ",
    "description": "Garrofón Seco Malla 280 Gr",
    "category": "Otras verduras",
    "url": "https://tienda.consum.es/es/p/garrofon-seco-malla/998211",
    "price": 2.59,
    "reference_price": 9.25,
    "iva": 0,
    "reference_unit": "1 Kg",
    "date": "2023-01-17"
  },
  {
    "id": 12788,
    "name": "Vino Tinto Reserva D.O.Rioja COTO IMAZ",
    "description": "Vino Tinto Reserva D.O.Rioja 0,75 L",
    "category": "Vinos d.o",
    "url": "https://tienda.consum.es/es/p/vino-tinto-reserva-dorioja/1772706",
    "price": 8.5,
    "reference_price": 11.33,
    "iva": 21,
    "reference_unit": "1 L",
    "date": "2023-01-17"
  },
  {
    "id": 12791,
    "name": "Vino Tinto Reserva D.O.Rioja CUNE",
    "description": "Vino Tinto Reserva D.O.Rioja 0,75 L",
    "category": "Vinos d.o",
    "url": "https://tienda.consum.es/es/p/vino-tinto-reserva-dorioja/3002524",
    "price": 11.15,
    "reference_price": 14.87,
    "iva": 21,
    "reference_unit": "1 L",
    "date": "2023-01-17"
  },
  {
    "id": 12797,
    "name": "Moscatel Espumoso REYMOS",
    "description": "Moscatel Espumoso 0,75 L",
    "category": "Cavas y sidras",
    "url": "https://tienda.consum.es/es/p/moscatel-espumoso/3943438",
    "price": 4.19,
    "reference_price": 5.59,
    "iva": 21,
    "reference_unit": "1 L",
    "date": "2023-01-17"
  },
  {
    "id": 12799,
    "name": "Brotes de Soja Bolsa ",
    "description": "Brotes de Soja Bolsa 200 Gr",
    "category": "Ensaladas y brotes",
    "url": "https://tienda.consum.es/es/p/brotes-de-soja-bolsa/4461760",
    "price": 1.91,
    "reference_price": 9.55,
    "iva": 0,
    "reference_unit": "1 Kg",
    "date": "2023-01-17"
  },
  {
    "id": 12801,
    "name": "Pimiento Ñora Tarrina ",
    "description": "Pimiento Ñora Tarrina 50 Gr",
    "category": "Otras verduras",
    "url": "https://tienda.consum.es/es/p/pimiento-nora-tarrina/5300025",
    "price": 3.16,
    "reference_price": 63.2,
    "iva": 0,
    "reference_unit": "1 Kg",
    "date": "2023-01-17"
  },
  {
    "id": 12805,
    "name": "Tulipas Artesanas Caja DICAR",
    "description": "Tulipas Artesanas Caja 75 Gr",
    "category": "Wafer y barquillos",
    "url": "https://tienda.consum.es/es/p/tulipas-artesanas-caja/7002876",
    "price": 2.19,
    "reference_price": 29.2,
    "iva": 10,
    "reference_unit": "1 Kg",
    "date": "2023-01-17"
  },
  {
    "id": 12807,
    "name": "Cebollino Bandeja EL DULZE",
    "description": "Cebollino Bandeja 20 Gr",
    "category": "Aromáticos",
    "url": "https://tienda.consum.es/es/p/cebollino-bandeja/7006752",
    "price": 1.29,
    "reference_price": 6.45,
    "iva": 10,
    "reference_unit": "100 Gr",
    "date": "2023-01-17"
  },
  {
    "id": 12815,
    "name": "Vino Tinto Crianza D.O.Ribera del Duero ALT.TAMARON",
    "description": "Vino Tinto Crianza D.O.Ribera del Duero 0,75 L",
    "category": "Vinos d.o",
    "url": "https://tienda.consum.es/es/p/vino-tinto-crianza-doribera-del-duero/7025054",
    "price": 7.99,
    "reference_price": 10.65,
    "iva": 21,
    "reference_unit": "1 L",
    "date": "2023-01-17"
  },
  {
    "id": 12824,
    "name": "Brotes de Alfalfa Bolsa ",
    "description": "Brotes de Alfalfa Bolsa 150 Gr",
    "category": "Ensaladas y brotes",
    "url": "https://tienda.consum.es/es/p/brotes-de-alfalfa-bolsa/7043599",
    "price": 1.91,
    "reference_price": 12.73,
    "iva": 0,
    "reference_unit": "1 Kg",
    "date": "2023-01-17"
  },
  {
    "id": 12825,
    "name": "Ambientador Aire Fresco Spray OUST",
    "description": "Ambientador Aire Fresco Spray 300 ml",
    "category": "Aerosol spray o pistola",
    "url": "https://tienda.consum.es/es/p/ambientador-aire-fresco-spray/7049047",
    "price": 3.99,
    "reference_price": 1.33,
    "iva": 21,
    "reference_unit": "100 ml",
    "date": "2023-01-17"
  },
  {
    "id": 12826,
    "name": "Vino Tinto Crianza D.O.Alicante VIÑA ALCANTA",
    "description": "Vino Tinto Crianza D.O.Alicante 0,75 L",
    "category": "Vinos d.o",
    "url": "https://tienda.consum.es/es/p/vino-tinto-crianza-doalicante/7052889",
    "price": 3.15,
    "reference_price": 4.2,
    "iva": 21,
    "reference_unit": "1 L",
    "date": "2023-01-17"
  },
  {
    "id": 12828,
    "name": "Cava Brut D.O.Cava DOM.THARSYS",
    "description": "Cava Brut D.O.Cava 0,75 L",
    "category": "Cavas y sidras",
    "url": "https://tienda.consum.es/es/p/cava-brut-docava/7059178",
    "price": 6.89,
    "reference_price": 9.19,
    "iva": 21,
    "reference_unit": "1 L",
    "date": "2023-01-17"
  },
  {
    "id": 12829,
    "name": "Dátil en Rama Bandeja ",
    "description": "Dátil en Rama Bandeja 500 Gr",
    "category": "Fruta de temporada",
    "url": "https://tienda.consum.es/es/p/datil-en-rama-bandeja/7061401",
    "price": 3.55,
    "reference_price": 7.1,
    "iva": 0,
    "reference_unit": "1 Kg",
    "date": "2023-01-17"
  },
  {
    "id": 12830,
    "name": "Vino Oporto Fine Tawny OSBORNE",
    "description": "Vino Oporto Fine Tawny 0,75 L",
    "category": "Finos y dulces",
    "url": "https://tienda.consum.es/es/p/vino-oporto-fine-tawny/7061534",
    "price": 9.49,
    "reference_price": 12.65,
    "iva": 21,
    "reference_unit": "1 L",
    "date": "2023-01-17"
  },
  {
    "id": 12833,
    "name": "Vino Tinto Crianza D.O.Rioja CUNE",
    "description": "Vino Tinto Crianza D.O.Rioja 375 ml",
    "category": "Vinos d.o",
    "url": "https://tienda.consum.es/es/p/vino-tinto-crianza-dorioja/7068919",
    "price": 4.35,
    "reference_price": 11.6,
    "iva": 21,
    "reference_unit": "1 L",
    "date": "2023-01-17"
  },
  {
    "id": 12836,
    "name": "Cava Brut Carta Nevada D.O.Cava FREIXENET",
    "description": "Cava Brut Carta Nevada D.O.Cava 0,75 L",
    "category": "Cavas y sidras",
    "url": "https://tienda.consum.es/es/p/cava-brut-carta-nevada-docava/7074735",
    "price": 5.4,
    "reference_price": 7.2,
    "iva": 21,
    "reference_unit": "1 L",
    "date": "2023-01-17"
  },
  {
    "id": 12838,
    "name": "Cava Brut Cordon Negro D.O.Cava FREIXENET",
    "description": "Cava Brut Cordon Negro D.O.Cava 0,75 L",
    "category": "Cavas y sidras",
    "url": "https://tienda.consum.es/es/p/cava-brut-cordon-negro-docava/7074748",
    "price": 6.99,
    "reference_price": 9.32,
    "iva": 21,
    "reference_unit": "1 L",
    "date": "2023-01-17"
  },
  {
    "id": 12840,
    "name": "Picada de Ajo y Perejil Bandeja ",
    "description": "Picada de Ajo y Perejil Bandeja 100 Gr",
    "category": "Aromáticos",
    "url": "https://tienda.consum.es/es/p/picada-de-ajo-y-perejil-bandeja/7078202",
    "price": 1.79,
    "reference_price": 17.9,
    "iva": 10,
    "reference_unit": "1 Kg",
    "date": "2023-01-17"
  },
  {
    "id": 12841,
    "name": "Vino Tinto Crianza D.O.Ribera del Duero MATARROMERA",
    "description": "Vino Tinto Crianza D.O.Ribera del Duero 0,75 L",
    "category": "Vinos d.o",
    "url": "https://tienda.consum.es/es/p/vino-tinto-crianza-doribera-del-duero/7078710",
    "price": 21.9,
    "reference_price": 29.2,
    "iva": 21,
    "reference_unit": "1 L",
    "date": "2023-01-17"
  },
  {
    "id": 12842,
    "name": "Vino Tinto Roble D.O.Ribera del Duero MELIOR",
    "description": "Vino Tinto Roble D.O.Ribera del Duero 0,75 L",
    "category": "Vinos d.o",
    "url": "https://tienda.consum.es/es/p/vino-tinto-roble-doribera-del-duero/7078723",
    "price": 8.69,
    "reference_price": 11.59,
    "iva": 21,
    "reference_unit": "1 L",
    "date": "2023-01-17"
  },
  {
    "id": 12843,
    "name": "Vino Tinto Crianza D.O.Rioja AZPILICUETA",
    "description": "Vino Tinto Crianza D.O.Rioja 0,75 L",
    "category": "Vinos d.o",
    "url": "https://tienda.consum.es/es/p/vino-tinto-crianza-dorioja/7079002",
    "price": 8.45,
    "reference_price": 11.27,
    "iva": 21,
    "reference_unit": "1 L",
    "date": "2023-01-17"
  },
  {
    "id": 12844,
    "name": "Vino Tinto Roble D.O.Somontano VIÑAS D VERO",
    "description": "Vino Tinto Roble D.O.Somontano 0,75 L",
    "category": "Vinos d.o",
    "url": "https://tienda.consum.es/es/p/vino-tinto-roble-dosomontano/7080831",
    "price": 5.69,
    "reference_price": 7.59,
    "iva": 21,
    "reference_unit": "1 L",
    "date": "2023-01-17"
  },
  {
    "id": 12845,
    "name": "Vino Tinto Crianza D.O.Somontano VIÑAS D VERO",
    "description": "Vino Tinto Crianza D.O.Somontano 0,75 L",
    "category": "Vinos d.o",
    "url": "https://tienda.consum.es/es/p/vino-tinto-crianza-dosomontano/7080836",
    "price": 7.99,
    "reference_price": 10.65,
    "iva": 21,
    "reference_unit": "1 L",
    "date": "2023-01-17"
  },
  {
    "id": 12846,
    "name": "Vino Tinto D.O.Somontano ENATE",
    "description": "Vino Tinto D.O.Somontano 0,75 L",
    "category": "Vinos d.o",
    "url": "https://tienda.consum.es/es/p/vino-tinto-dosomontano/7084577",
    "price": 7.25,
    "reference_price": 9.67,
    "iva": 21,
    "reference_unit": "1 L",
    "date": "2023-01-17"
  },
  {
    "id": 12847,
    "name": "Vino Blanco Semi Dulce D.O.Rioja CAMPO VIEJO",
    "description": "Vino Blanco Semi Dulce D.O.Rioja 0,75 L",
    "category": "Vinos d.o",
    "url": "https://tienda.consum.es/es/p/vino-blanco-semi-dulce-dorioja/7086569",
    "price": 4.15,
    "reference_price": 5.53,
    "iva": 21,
    "reference_unit": "1 L",
    "date": "2023-01-17"
  },
  {
    "id": 12848,
    "name": "Termómetro Digital PHARMADOCT",
    "description": "Termómetro Digital 1 U",
    "category": "Botiquín",
    "url": "https://tienda.consum.es/es/p/termometro-digital/7086929",
    "price": 4.49,
    "reference_price": 4.49,
    "iva": 21,
    "reference_unit": "1 U",
    "date": "2023-01-17"
  },
  {
    "id": 12850,
    "name": "Vino Tinto Crianza D.O.Ribera del Duero PROTOS",
    "description": "Vino Tinto Crianza D.O.Ribera del Duero 0,75 L",
    "category": "Vinos d.o",
    "url": "https://tienda.consum.es/es/p/vino-tinto-crianza-doribera-del-duero/7091663",
    "price": 17.5,
    "reference_price": 23.33,
    "iva": 21,
    "reference_unit": "1 L",
    "date": "2023-01-17"
  },
  {
    "id": 12851,
    "name": "Vino Rosado D.O.Rioja CUNE",
    "description": "Vino Rosado D.O.Rioja 0,75 L",
    "category": "Vinos d.o",
    "url": "https://tienda.consum.es/es/p/vino-rosado-dorioja/7092323",
    "price": 4.75,
    "reference_price": 6.33,
    "iva": 21,
    "reference_unit": "1 L",
    "date": "2023-01-17"
  },
  {
    "id": 12852,
    "name": "Limpiador Energy Polvo en Bolsitas WC NET",
    "description": "Limpiador Energy Polvo en Bolsitas 4 U",
    "category": "Limpieza baños",
    "url": "https://tienda.consum.es/es/p/limpiador-energy-polvo-en-bolsitas/7096639",
    "price": 4.49,
    "reference_price": 1.12,
    "iva": 21,
    "reference_unit": "1 U",
    "date": "2023-01-17"
  },
  {
    "id": 12859,
    "name": "Vino Blanco Chardonnay D.O.Utiel-Requena HOYA CADENAS",
    "description": "Vino Blanco Chardonnay D.O.Utiel-Requena 0,75 L",
    "category": "Vinos d.o",
    "url": "https://tienda.consum.es/es/p/vino-blanco-chardonnay-doutiel-requena/7108384",
    "price": 5.69,
    "reference_price": 7.59,
    "iva": 21,
    "reference_unit": "1 L",
    "date": "2023-01-17"
  },
  {
    "id": 12862,
    "name": "Patatas Salsa Yogur Microondas ",
    "description": "Patatas Salsa Yogur Microondas 450 Gr",
    "category": "Verduras microondas",
    "url": "https://tienda.consum.es/es/p/patatas-salsa-yogur-microondas/7109064",
    "price": 1.72,
    "reference_price": 3.82,
    "iva": 0,
    "reference_unit": "1 Kg",
    "date": "2023-01-17"
  },
  {
    "id": 12864,
    "name": "Cava Rosado Brut D.O.Cava BACH",
    "description": "Cava Rosado Brut D.O.Cava 0,75 L",
    "category": "Cavas y sidras",
    "url": "https://tienda.consum.es/es/p/cava-rosado-brut-docava/7113207",
    "price": 4.55,
    "reference_price": 6.07,
    "iva": 21,
    "reference_unit": "1 L",
    "date": "2023-01-17"
  },
  {
    "id": 12865,
    "name": "Agua de Valencia GALA D'OR",
    "description": "Agua de Valencia 0,75 L",
    "category": "Cavas y sidras",
    "url": "https://tienda.consum.es/es/p/agua-de-valencia/7114239",
    "price": 6.89,
    "reference_price": 9.19,
    "iva": 21,
    "reference_unit": "1 L",
    "date": "2023-01-17"
  },
  {
    "id": 12866,
    "name": "Vino Tinto Crianza D.O.Jumilla CAST.S.SIMON",
    "description": "Vino Tinto Crianza D.O.Jumilla 0,75 L",
    "category": "Vinos d.o",
    "url": "https://tienda.consum.es/es/p/vino-tinto-crianza-dojumilla/7120389",
    "price": 2.79,
    "reference_price": 3.72,
    "iva": 21,
    "reference_unit": "1 L",
    "date": "2023-01-17"
  },
  {
    "id": 12868,
    "name": "Aditivo Transpirex Spray Quitamanchas Prelavado NEUTREX",
    "description": "Aditivo Transpirex Spray Quitamanchas Prelavado 0,6 L",
    "category": "Aditivos y complementos",
    "url": "https://tienda.consum.es/es/p/aditivo-transpirex-spray-quitamanchas-prelavado/7121564",
    "price": 4.35,
    "reference_price": 7.25,
    "iva": 21,
    "reference_unit": "1 L",
    "date": "2023-01-17"
  },
  {
    "id": 12869,
    "name": "Vino Tinto Roble D.O.Ribera del Duero LEGARIS",
    "description": "Vino Tinto Roble D.O.Ribera del Duero 0,75 L",
    "category": "Vinos d.o",
    "url": "https://tienda.consum.es/es/p/vino-tinto-roble-doribera-del-duero/7134398",
    "price": 8.39,
    "reference_price": 11.19,
    "iva": 21,
    "reference_unit": "1 L",
    "date": "2023-01-17"
  },
  {
    "id": 12872,
    "name": "Vino Tinto Crianza D.O.Rioja CAST.ALBAI",
    "description": "Vino Tinto Crianza D.O.Rioja 0,75 L",
    "category": "Vinos d.o",
    "url": "https://tienda.consum.es/es/p/vino-tinto-crianza-dorioja/7139975",
    "price": 5.85,
    "reference_price": 7.8,
    "iva": 21,
    "reference_unit": "1 L",
    "date": "2023-01-17"
  },
  {
    "id": 12878,
    "name": "Recambio Lavanda&jazmi Sense&spray GLADE",
    "description": "Recambio Lavanda&jazmi Sense&spray 1 U",
    "category": "Eléctricos y automáticos",
    "url": "https://tienda.consum.es/es/p/recambio-lavandajazmi-sensespray/7144454",
    "price": 3.42,
    "reference_price": 3.42,
    "iva": 21,
    "reference_unit": "1 U",
    "date": "2023-01-17"
  },
  {
    "id": 12881,
    "name": "Ambientador Discreet Lavanda y Jazmín GLADE",
    "description": "Ambientador Discreet Lavanda y Jazmín 1 U",
    "category": "Eléctricos y automáticos",
    "url": "https://tienda.consum.es/es/p/ambientador-discreet-lavanda-y-jazmin/7151962",
    "price": 3.14,
    "reference_price": 3.14,
    "iva": 21,
    "reference_unit": "1 U",
    "date": "2023-01-17"
  },
  {
    "id": 12899,
    "name": "Recambio WC Discos Act Lima Fresca Pack 2 uds PATO",
    "description": "Recambio WC Discos Act Lima Fresca Pack 2 uds 2 U",
    "category": "Limpieza baños",
    "url": "https://tienda.consum.es/es/p/recambio-wc-discos-act-lima-fresca-pack-2-uds/7163587",
    "price": 5.39,
    "reference_price": 2.7,
    "iva": 21,
    "reference_unit": "1 U",
    "date": "2023-01-17"
  },
  {
    "id": 12900,
    "name": "Cava Brut Nature D.O.Cava CODORNIU",
    "description": "Cava Brut Nature D.O.Cava 0,75 L",
    "category": "Cavas y sidras",
    "url": "https://tienda.consum.es/es/p/cava-brut-nature-docava/7163835",
    "price": 8.69,
    "reference_price": 11.59,
    "iva": 21,
    "reference_unit": "1 L",
    "date": "2023-01-17"
  },
  {
    "id": 12902,
    "name": "Bebida Refresc. Blanco Uva y Manzana C.SALOBREÑA",
    "description": "Bebida Refresc. Blanco Uva y Manzana 1 L",
    "category": "Mosto",
    "url": "https://tienda.consum.es/es/p/bebida-refresc-blanco-uva-y-manzana/7163900",
    "price": 1.69,
    "reference_price": 1.69,
    "iva": 21,
    "reference_unit": "1 L",
    "date": "2023-01-17"
  },
  {
    "id": 12903,
    "name": "Vino Tinto Bag&Box PEÑASOL",
    "description": "Vino Tinto Bag&Box 3 L",
    "category": "Mesa",
    "url": "https://tienda.consum.es/es/p/vino-tinto-bagbox/7164700",
    "price": 7.4,
    "reference_price": 2.47,
    "iva": 21,
    "reference_unit": "1 L",
    "date": "2023-01-17"
  },
  {
    "id": 12904,
    "name": "Vino Tinto Crianza D.O.Ribera del Duero MAY.CASTILLA",
    "description": "Vino Tinto Crianza D.O.Ribera del Duero 0,75 L",
    "category": "Vinos d.o",
    "url": "https://tienda.consum.es/es/p/vino-tinto-crianza-doribera-del-duero/7164718",
    "price": 5.99,
    "reference_price": 7.99,
    "iva": 21,
    "reference_unit": "1 L",
    "date": "2023-01-17"
  },
  {
    "id": 12908,
    "name": "Vino Tinto Reserva D.O.Rioja LAGUNILLA",
    "description": "Vino Tinto Reserva D.O.Rioja 0,75 L",
    "category": "Vinos d.o",
    "url": "https://tienda.consum.es/es/p/vino-tinto-reserva-dorioja/7168594",
    "price": 12.49,
    "reference_price": 16.65,
    "iva": 21,
    "reference_unit": "1 L",
    "date": "2023-01-17"
  },
  {
    "id": 12912,
    "name": "Ambientador Nenuco Aparato más Recambio AIR WICK",
    "description": "Ambientador Nenuco Aparato más Recambio 1 U",
    "category": "Eléctricos y automáticos",
    "url": "https://tienda.consum.es/es/p/ambientador-nenuco-aparato-mas-recambio/7168792",
    "price": 5.65,
    "reference_price": 5.65,
    "iva": 21,
    "reference_unit": "1 U",
    "date": "2023-01-17"
  },
  {
    "id": 12913,
    "name": "Limpia Planchas RAYEN",
    "description": "Limpia Planchas 1 U",
    "category": "Productos planchado",
    "url": "https://tienda.consum.es/es/p/limpia-planchas/7169100",
    "price": 4.79,
    "reference_price": 4.79,
    "iva": 21,
    "reference_unit": "1 U",
    "date": "2023-01-17"
  },
  {
    "id": 12917,
    "name": "Spray Hielo PHARMADOCT",
    "description": "Spray Hielo 300 ml",
    "category": "Otros",
    "url": "https://tienda.consum.es/es/p/spray-hielo/7174977",
    "price": 4.99,
    "reference_price": 1.66,
    "iva": 21,
    "reference_unit": "100 ml",
    "date": "2023-01-17"
  },
  {
    "id": 12921,
    "name": "Vino Blanco D.O.Somontano VIÑAS D VERO",
    "description": "Vino Blanco D.O.Somontano 0,75 L",
    "category": "Vinos d.o",
    "url": "https://tienda.consum.es/es/p/vino-blanco-dosomontano/7177314",
    "price": 8.49,
    "reference_price": 11.32,
    "iva": 21,
    "reference_unit": "1 L",
    "date": "2023-01-17"
  },
  {
    "id": 12923,
    "name": "Mini Pimientos Dulces Vaso ",
    "description": "Mini Pimientos Dulces Vaso 150 Gr",
    "category": "Pepinos, tomates y pimientos",
    "url": "https://tienda.consum.es/es/p/mini-pimientos-dulces-vaso/7177843",
    "price": 1.24,
    "reference_price": 8.27,
    "iva": 0,
    "reference_unit": "1 Kg",
    "date": "2023-01-17"
  },
  {
    "id": 12928,
    "name": "Salvaslip Maxiplus EVAX",
    "description": "Salvaslip Maxiplus 30 U",
    "category": "Compresas y protegeslips",
    "url": "https://tienda.consum.es/es/p/salvaslip-maxiplus/7181068",
    "price": 2.69,
    "reference_price": 0.09,
    "iva": 4,
    "reference_unit": "1 U",
    "date": "2023-01-17"
  },
  {
    "id": 12931,
    "name": "Limpiador Microondas y Frigoríficos CONSUM",
    "description": "Limpiador Microondas y Frigoríficos 0,5 L",
    "category": "Limpieza cocina",
    "url": "https://tienda.consum.es/es/p/limpiador-microondas-y-frigorificos/7181464",
    "price": 1.89,
    "reference_price": 3.78,
    "iva": 21,
    "reference_unit": "1 L",
    "date": "2023-01-17"
  },
  {
    "id": 12932,
    "name": "Cava Brut Pack 3 D.O.Cava ANNA CODORNI",
    "description": "Cava Brut Pack 3 D.O.Cava 3 x 0,2 L",
    "category": "Cavas y sidras",
    "url": "https://tienda.consum.es/es/p/cava-brut-pack-3-docava/7181902",
    "price": 8.89,
    "reference_price": 14.82,
    "iva": 21,
    "reference_unit": "1 L",
    "date": "2023-01-17"
  },
  {
    "id": 12936,
    "name": "Colonia Femenina Nº28 CARAVAN",
    "description": "Colonia Femenina Nº28 150 ml",
    "category": "Femeninas",
    "url": "https://tienda.consum.es/es/p/colonia-femenina-n28/7182244",
    "price": 10.95,
    "reference_price": 7.3,
    "iva": 21,
    "reference_unit": "100 ml",
    "date": "2023-01-17"
  },
  {
    "id": 12937,
    "name": "Colonia Femenina Nº7 CARAVAN",
    "description": "Colonia Femenina Nº7 150 ml",
    "category": "Femeninas",
    "url": "https://tienda.consum.es/es/p/colonia-femenina-n7/7182251",
    "price": 10.95,
    "reference_price": 7.3,
    "iva": 21,
    "reference_unit": "100 ml",
    "date": "2023-01-17"
  },
  {
    "id": 12938,
    "name": "Colonia Femenina Nº22 CARAVAN",
    "description": "Colonia Femenina Nº22 150 ml",
    "category": "Femeninas",
    "url": "https://tienda.consum.es/es/p/colonia-femenina-n22/7182256",
    "price": 10.95,
    "reference_price": 7.3,
    "iva": 21,
    "reference_unit": "100 ml",
    "date": "2023-01-17"
  },
  {
    "id": 12939,
    "name": "Colonia Femenina Nº3 CARAVAN",
    "description": "Colonia Femenina Nº3 150 ml",
    "category": "Femeninas",
    "url": "https://tienda.consum.es/es/p/colonia-femenina-n3/7182264",
    "price": 10.95,
    "reference_price": 7.3,
    "iva": 21,
    "reference_unit": "100 ml",
    "date": "2023-01-17"
  },
  {
    "id": 12940,
    "name": "Colonia Femenina Nº2 CARAVAN",
    "description": "Colonia Femenina Nº2 150 ml",
    "category": "Femeninas",
    "url": "https://tienda.consum.es/es/p/colonia-femenina-n2/7182269",
    "price": 10.95,
    "reference_price": 7.3,
    "iva": 21,
    "reference_unit": "100 ml",
    "date": "2023-01-17"
  },
  {
    "id": 12941,
    "name": "Colonia Femenina Nº27 CARAVAN",
    "description": "Colonia Femenina Nº27 150 ml",
    "category": "Femeninas",
    "url": "https://tienda.consum.es/es/p/colonia-femenina-n27/7182272",
    "price": 10.95,
    "reference_price": 7.3,
    "iva": 21,
    "reference_unit": "100 ml",
    "date": "2023-01-17"
  },
  {
    "id": 12944,
    "name": "Colonia Masculina Nº70 CARAVAN",
    "description": "Colonia Masculina Nº70 150 ml",
    "category": "Masculinas",
    "url": "https://tienda.consum.es/es/p/colonia-masculina-n70/7182319",
    "price": 10.95,
    "reference_price": 7.3,
    "iva": 21,
    "reference_unit": "100 ml",
    "date": "2023-01-17"
  },
  {
    "id": 12947,
    "name": "Guante Especial Lejía de Nitrilo Talla Pequeña CONSUM",
    "description": "Guante Especial Lejía de Nitrilo Talla Pequeña 1 U",
    "category": "Guantes domésticos",
    "url": "https://tienda.consum.es/es/p/guante-especial-lejia-de-nitrilo-talla-pequena/7182590",
    "price": 2,
    "reference_price": 2,
    "iva": 21,
    "reference_unit": "1 U",
    "date": "2023-01-17"
  },
  {
    "id": 12948,
    "name": "Guante Especial Lejía de Nitrilo Talla Grande CONSUM",
    "description": "Guante Especial Lejía de Nitrilo Talla Grande 1 U",
    "category": "Guantes domésticos",
    "url": "https://tienda.consum.es/es/p/guante-especial-lejia-de-nitrilo-talla-grande/7182603",
    "price": 2,
    "reference_price": 2,
    "iva": 21,
    "reference_unit": "1 U",
    "date": "2023-01-17"
  },
  {
    "id": 12951,
    "name": "Ambientador Mini Spray Oceánico Apart.más Rec CONSUM",
    "description": "Ambientador Mini Spray Oceánico Apart.más Rec 1 U",
    "category": "Aerosol spray o pistola",
    "url": "https://tienda.consum.es/es/p/ambientador-mini-spray-oceanico-apartmas-rec/7182897",
    "price": 1.8,
    "reference_price": 1.8,
    "iva": 21,
    "reference_unit": "1 U",
    "date": "2023-01-17"
  },
  {
    "id": 12958,
    "name": "Vinto Tinto Gran Reserva D.O.Rioja FAUSTINO I",
    "description": "Vinto Tinto Gran Reserva D.O.Rioja 0,75 L",
    "category": "Vinos d.o",
    "url": "https://tienda.consum.es/es/p/vinto-tinto-gran-reserva-dorioja/7186708",
    "price": 18.9,
    "reference_price": 25.2,
    "iva": 21,
    "reference_unit": "1 L",
    "date": "2023-01-17"
  },
  {
    "id": 12961,
    "name": "Vino Tinto Vendimia Oro D.O.Valencia J. DE JUANES",
    "description": "Vino Tinto Vendimia Oro D.O.Valencia 0,75 L",
    "category": "Vinos d.o",
    "url": "https://tienda.consum.es/es/p/vino-tinto-vendimia-oro-dovalencia/7187354",
    "price": 5.29,
    "reference_price": 7.05,
    "iva": 21,
    "reference_unit": "1 L",
    "date": "2023-01-17"
  },
  {
    "id": 12962,
    "name": "Vino Tinto Crianza D.O.Rioja DUQUE NARDOS",
    "description": "Vino Tinto Crianza D.O.Rioja 375 ml",
    "category": "Vinos d.o",
    "url": "https://tienda.consum.es/es/p/vino-tinto-crianza-dorioja/7188212",
    "price": 1.99,
    "reference_price": 5.31,
    "iva": 21,
    "reference_unit": "1 L",
    "date": "2023-01-17"
  },
  {
    "id": 12964,
    "name": "Ron Especial 7 Años HAVANA CLUB",
    "description": "Ron Especial 7 Años 0,7 L",
    "category": "Licores y vermouth",
    "url": "https://tienda.consum.es/es/p/ron-especial-7-anos/7188329",
    "price": 22.45,
    "reference_price": 32.07,
    "iva": 21,
    "reference_unit": "1 L",
    "date": "2023-01-17"
  },
  {
    "id": 12966,
    "name": "Vino Espumante Dulce Botella PRIMA NOVA",
    "description": "Vino Espumante Dulce Botella 0,75 L",
    "category": "Cavas y sidras",
    "url": "https://tienda.consum.es/es/p/vino-espumante-dulce-botella/7188944",
    "price": 4.75,
    "reference_price": 6.33,
    "iva": 21,
    "reference_unit": "1 L",
    "date": "2023-01-17"
  },
  {
    "id": 12967,
    "name": "Vino Tinto Reserva D.O.Rioja DUQUE NARDOS",
    "description": "Vino Tinto Reserva D.O.Rioja 0,75 L",
    "category": "Vinos d.o",
    "url": "https://tienda.consum.es/es/p/vino-tinto-reserva-dorioja/7188998",
    "price": 4.1,
    "reference_price": 5.47,
    "iva": 21,
    "reference_unit": "1 L",
    "date": "2023-01-17"
  },
  {
    "id": 12968,
    "name": "Paño Secamanos de Microfibra CONSUM",
    "description": "Paño Secamanos de Microfibra 1 U",
    "category": "Accesorios y utensilios limpieza",
    "url": "https://tienda.consum.es/es/p/pano-secamanos-de-microfibra/7189330",
    "price": 2.5,
    "reference_price": 2.5,
    "iva": 21,
    "reference_unit": "1 U",
    "date": "2023-01-17"
  },
  {
    "id": 12971,
    "name": "Panoja de MaÍz Fresca Bandeja ",
    "description": "Panoja de MaÍz Fresca Bandeja 400 Gr",
    "category": "Otras verduras",
    "url": "https://tienda.consum.es/es/p/panoja-de-maiz-fresca-bandeja/7189678",
    "price": 2.88,
    "reference_price": 7.2,
    "iva": 0,
    "reference_unit": "1 Kg",
    "date": "2023-01-17"
  },
  {
    "id": 12972,
    "name": "Pimiento Picante Bandeja ",
    "description": "Pimiento Picante Bandeja 100 Gr",
    "category": "Pepinos, tomates y pimientos",
    "url": "https://tienda.consum.es/es/p/pimiento-picante-bandeja/7189900",
    "price": 1.34,
    "reference_price": 13.4,
    "iva": 0,
    "reference_unit": "1 Kg",
    "date": "2023-01-17"
  },
  {
    "id": 12973,
    "name": "Recambio Eléctrico 3V Tatami Japonés AMBIPUR",
    "description": "Recambio Eléctrico 3V Tatami Japonés 1 U",
    "category": "Eléctricos y automáticos",
    "url": "https://tienda.consum.es/es/p/recambio-electrico-3v-tatami-japones/7190390",
    "price": 5.99,
    "reference_price": 5.99,
    "iva": 21,
    "reference_unit": "1 U",
    "date": "2023-01-17"
  },
  {
    "id": 12974,
    "name": "Cava Brut Nature Duo D.O.Cava CASTELLBLANC",
    "description": "Cava Brut Nature Duo D.O.Cava 0,75 L",
    "category": "Cavas y sidras",
    "url": "https://tienda.consum.es/es/p/cava-brut-nature-duo-docava/7190494",
    "price": 3.39,
    "reference_price": 4.52,
    "iva": 21,
    "reference_unit": "1 L",
    "date": "2023-01-17"
  },
  {
    "id": 12975,
    "name": "Crema Día y Serum Antiedad OLAY",
    "description": "Crema Día y Serum Antiedad 50 ml",
    "category": "Hidratación",
    "url": "https://tienda.consum.es/es/p/crema-dia-y-serum-antiedad/7191562",
    "price": 12.45,
    "reference_price": 24.9,
    "iva": 21,
    "reference_unit": "100 ml",
    "date": "2023-01-17"
  },
  {
    "id": 12977,
    "name": "Vino Blanco D.O. Rioja FAUSTINO VII",
    "description": "Vino Blanco D.O. Rioja 0,18 L",
    "category": "Vinos d.o",
    "url": "https://tienda.consum.es/es/p/vino-blanco-do-rioja/7193006",
    "price": 1.69,
    "reference_price": 9.04,
    "iva": 21,
    "reference_unit": "1 L",
    "date": "2023-01-17"
  },
  {
    "id": 12981,
    "name": "Tomate Cherry Mix Bandeja ",
    "description": "Tomate Cherry Mix Bandeja 250 Gr",
    "category": "Pepinos, tomates y pimientos",
    "url": "https://tienda.consum.es/es/p/tomate-cherry-mix-bandeja/7194306",
    "price": 1.43,
    "reference_price": 5.72,
    "iva": 0,
    "reference_unit": "1 Kg",
    "date": "2023-01-17"
  },
  {
    "id": 12991,
    "name": "Limpiador Fosa Séptica en Cápsulas WC NET",
    "description": "Limpiador Fosa Séptica en Cápsulas 20 U",
    "category": "Limpieza baños",
    "url": "https://tienda.consum.es/es/p/limpiador-fosa-septica-en-capsulas/7196645",
    "price": 11.39,
    "reference_price": 0.57,
    "iva": 21,
    "reference_unit": "1 U",
    "date": "2023-01-17"
  },
  {
    "id": 12992,
    "name": "Guacamole Picante Tarrina ",
    "description": "Guacamole Picante Tarrina 200 Gr",
    "category": "Ensaladas preparadas y guacamole",
    "url": "https://tienda.consum.es/es/p/guacamole-picante-tarrina/7197064",
    "price": 1.75,
    "reference_price": 8.75,
    "iva": 10,
    "reference_unit": "1 Kg",
    "date": "2023-01-17"
  },
  {
    "id": 12994,
    "name": "Colonia Femenina Nª80 CARAVAN",
    "description": "Colonia Femenina Nª80 150 ml",
    "category": "Femeninas",
    "url": "https://tienda.consum.es/es/p/colonia-femenina-n80/7197361",
    "price": 10.95,
    "reference_price": 7.3,
    "iva": 21,
    "reference_unit": "100 ml",
    "date": "2023-01-17"
  },
  {
    "id": 12996,
    "name": "Paño Multiusos Para Gafas y Pantallas CONSUM",
    "description": "Paño Multiusos Para Gafas y Pantallas 2 U",
    "category": "Bayetas, gamuzas y plumeros",
    "url": "https://tienda.consum.es/es/p/pano-multiusos-para-gafas-y-pantallas/7197858",
    "price": 0.99,
    "reference_price": 0.5,
    "iva": 21,
    "reference_unit": "1 U",
    "date": "2023-01-17"
  },
  {
    "id": 13004,
    "name": "Vino Dulce Pedro Ximene D.O.Montilla Moriles CRUZ CONDE",
    "description": "Vino Dulce Pedro Ximene D.O.Montilla Moriles 0,75 L",
    "category": "Finos y dulces",
    "url": "https://tienda.consum.es/es/p/vino-dulce-pedro-ximene-domontilla-moriles/7201671",
    "price": 5.75,
    "reference_price": 7.67,
    "iva": 21,
    "reference_unit": "1 L",
    "date": "2023-01-17"
  },
  {
    "id": 13006,
    "name": "Vino Fino Seco D.O.Montilla Moriles CRUZ CONDE",
    "description": "Vino Fino Seco D.O.Montilla Moriles 0,75 L",
    "category": "Finos y dulces",
    "url": "https://tienda.consum.es/es/p/vino-fino-seco-domontilla-moriles/7201684",
    "price": 2.7,
    "reference_price": 3.6,
    "iva": 21,
    "reference_unit": "1 L",
    "date": "2023-01-17"
  },
  {
    "id": 13007,
    "name": "Vino Cream Dulce CRUZ CONDE",
    "description": "Vino Cream Dulce 0,75 L",
    "category": "Finos y dulces",
    "url": "https://tienda.consum.es/es/p/vino-cream-dulce/7201689",
    "price": 3.19,
    "reference_price": 4.25,
    "iva": 21,
    "reference_unit": "1 L",
    "date": "2023-01-17"
  },
  {
    "id": 13010,
    "name": "Vino Tinto Ecológico D.O.El Terrerazo MESTIZAJE",
    "description": "Vino Tinto Ecológico D.O.El Terrerazo 0,75 L",
    "category": "Vinos d.o",
    "url": "https://tienda.consum.es/es/p/vino-tinto-ecologico-doel-terrerazo/7204613",
    "price": 10.5,
    "reference_price": 14,
    "iva": 21,
    "reference_unit": "1 L",
    "date": "2023-01-17"
  },
  {
    "id": 13014,
    "name": "Vino Tinto Reserva D.O.Ribera del Duero ALT.TAMARON",
    "description": "Vino Tinto Reserva D.O.Ribera del Duero 0,75 L",
    "category": "Vinos d.o",
    "url": "https://tienda.consum.es/es/p/vino-tinto-reserva-doribera-del-duero/7205487",
    "price": 11.19,
    "reference_price": 14.92,
    "iva": 21,
    "reference_unit": "1 L",
    "date": "2023-01-17"
  },
  {
    "id": 13015,
    "name": "Pila Recargable AA HR06 Blister 4 Unidades ENERGIZER",
    "description": "Pila Recargable AA HR06 Blister 4 Unidades 4 x 1 U",
    "category": "Electricidad, pilas y bombillas",
    "url": "https://tienda.consum.es/es/p/pila-recargable-aa-hr06-blister-4-unidades/7205503",
    "price": 7.99,
    "reference_price": 2,
    "iva": 21,
    "reference_unit": "1 U",
    "date": "2023-01-17"
  },
  {
    "id": 13016,
    "name": "Cargador Pilas Más 2 pilas AA/AAA ENERGIZER",
    "description": "Cargador Pilas Más 2 pilas AA/AAA 1 U",
    "category": "Electricidad, pilas y bombillas",
    "url": "https://tienda.consum.es/es/p/cargador-pilas-mas-2-pilas-aa/aaa/7205511",
    "price": 13.75,
    "reference_price": 13.75,
    "iva": 21,
    "reference_unit": "1 U",
    "date": "2023-01-17"
  },
  {
    "id": 13017,
    "name": "Lechuga Trocadero Peso Aproximado 280 gr ",
    "description": "Lechuga Trocadero Peso Aproximado 280 gr 0,28 Kg",
    "category": "Lechuga y endibias",
    "url": "https://tienda.consum.es/es/p/lechuga-trocadero-peso-aproximado-280-gr/7206407",
    "price": 1.63,
    "reference_price": 5.82,
    "iva": 0,
    "reference_unit": "1 Kg",
    "date": "2023-01-17"
  },
  {
    "id": 13023,
    "name": "Cápsulas Venonat NATURTIERRA",
    "description": "Cápsulas Venonat 60 U",
    "category": "Fitoterapia",
    "url": "https://tienda.consum.es/es/p/capsulas-venonat/7207053",
    "price": 4.55,
    "reference_price": 0.08,
    "iva": 10,
    "reference_unit": "1 U",
    "date": "2023-01-17"
  },
  {
    "id": 13024,
    "name": "Cápsulas Piel, Pelo y Uñas NATURTIERRA",
    "description": "Cápsulas Piel, Pelo y Uñas 1 U",
    "category": "Fitoterapia",
    "url": "https://tienda.consum.es/es/p/capsulas-piel-pelo-y-unas/7207061",
    "price": 4.55,
    "reference_price": 4.55,
    "iva": 10,
    "reference_unit": "1 U",
    "date": "2023-01-17"
  },
  {
    "id": 13026,
    "name": "Cava Semi Seco D.O.Cava DOMN.DUQUES",
    "description": "Cava Semi Seco D.O.Cava 0,75 L",
    "category": "Cavas y sidras",
    "url": "https://tienda.consum.es/es/p/cava-semi-seco-docava/7207418",
    "price": 2.75,
    "reference_price": 3.67,
    "iva": 21,
    "reference_unit": "1 L",
    "date": "2023-01-17"
  },
  {
    "id": 13027,
    "name": "Duplo Rec Ambientador Fresh Matic Nenuco AIR WICK",
    "description": "Duplo Rec Ambientador Fresh Matic Nenuco 2 x 1 U",
    "category": "Eléctricos y automáticos",
    "url": "https://tienda.consum.es/es/p/duplo-rec-ambientador-fresh-matic-nenuco/7207723",
    "price": 9.99,
    "reference_price": 5,
    "iva": 21,
    "reference_unit": "1 U",
    "date": "2023-01-17"
  },
  {
    "id": 13029,
    "name": "Vino TInto Roble D.O.Utiel-Requena DOMN.DUQUES",
    "description": "Vino TInto Roble D.O.Utiel-Requena 0,75 L",
    "category": "Vinos d.o",
    "url": "https://tienda.consum.es/es/p/vino-tinto-roble-doutiel-requena/7207926",
    "price": 2.85,
    "reference_price": 3.8,
    "iva": 21,
    "reference_unit": "1 L",
    "date": "2023-01-17"
  },
  {
    "id": 13031,
    "name": "Colonia Kids Blue SAPHIR",
    "description": "Colonia Kids Blue 100 ml",
    "category": "Infantiles",
    "url": "https://tienda.consum.es/es/p/colonia-kids-blue/7208580",
    "price": 4.99,
    "reference_price": 4.99,
    "iva": 21,
    "reference_unit": "100 ml",
    "date": "2023-01-17"
  },
  {
    "id": 13032,
    "name": "Colonia Kids Pink SAPHIR",
    "description": "Colonia Kids Pink 100 ml",
    "category": "Infantiles",
    "url": "https://tienda.consum.es/es/p/colonia-kids-pink/7208619",
    "price": 4.99,
    "reference_price": 4.99,
    "iva": 21,
    "reference_unit": "100 ml",
    "date": "2023-01-17"
  },
  {
    "id": 13033,
    "name": "Escarola Frisee Bandeja ",
    "description": "Escarola Frisee Bandeja 300 Gr",
    "category": "Lechuga y endibias",
    "url": "https://tienda.consum.es/es/p/escarola-frisee-bandeja/7209018",
    "price": 1.82,
    "reference_price": 6.07,
    "iva": 0,
    "reference_unit": "1 Kg",
    "date": "2023-01-17"
  },
  {
    "id": 13036,
    "name": "Ambientador Discreet Relax Zen GLADE",
    "description": "Ambientador Discreet Relax Zen 1 U",
    "category": "Eléctricos y automáticos",
    "url": "https://tienda.consum.es/es/p/ambientador-discreet-relax-zen/7209666",
    "price": 3.14,
    "reference_price": 3.14,
    "iva": 21,
    "reference_unit": "1 U",
    "date": "2023-01-17"
  },
  {
    "id": 13042,
    "name": "Vino Tinto Crianza D.O.Navarra VIÑA LERDEN",
    "description": "Vino Tinto Crianza D.O.Navarra 0,75 L",
    "category": "Vinos d.o",
    "url": "https://tienda.consum.es/es/p/vino-tinto-crianza-donavarra/7212231",
    "price": 2.89,
    "reference_price": 3.85,
    "iva": 21,
    "reference_unit": "1 L",
    "date": "2023-01-17"
  },
  {
    "id": 13043,
    "name": "Estropajo de Acero Jabonoso GREEN NATURE",
    "description": "Estropajo de Acero Jabonoso 10 U",
    "category": "Estropajos",
    "url": "https://tienda.consum.es/es/p/estropajo-de-acero-jabonoso/7212348",
    "price": 1,
    "reference_price": 0.1,
    "iva": 21,
    "reference_unit": "1 U",
    "date": "2023-01-17"
  },
  {
    "id": 13049,
    "name": "Vino Blanco D.O.Valencia MURVIEDRO",
    "description": "Vino Blanco D.O.Valencia 0,75 L",
    "category": "Vinos d.o",
    "url": "https://tienda.consum.es/es/p/vino-blanco-dovalencia/7214604",
    "price": 4.25,
    "reference_price": 5.67,
    "iva": 21,
    "reference_unit": "1 L",
    "date": "2023-01-17"
  },
  {
    "id": 13058,
    "name": "Vino Tinto Roble D.O.Toro BAJOZ",
    "description": "Vino Tinto Roble D.O.Toro 0,75 L",
    "category": "Vinos d.o",
    "url": "https://tienda.consum.es/es/p/vino-tinto-roble-dotoro/7218675",
    "price": 4.99,
    "reference_price": 6.65,
    "iva": 21,
    "reference_unit": "1 L",
    "date": "2023-01-17"
  },
  {
    "id": 13059,
    "name": "Colonia Femenina Nº37 CARAVAN",
    "description": "Colonia Femenina Nº37 150 ml",
    "category": "Femeninas",
    "url": "https://tienda.consum.es/es/p/colonia-femenina-n37/7219541",
    "price": 10.95,
    "reference_price": 7.3,
    "iva": 21,
    "reference_unit": "100 ml",
    "date": "2023-01-17"
  },
  {
    "id": 13068,
    "name": "Vino Tinto Shiraz D.O.Valencia ICONO",
    "description": "Vino Tinto Shiraz D.O.Valencia 0,75 L",
    "category": "Vinos d.o",
    "url": "https://tienda.consum.es/es/p/vino-tinto-shiraz-dovalencia/7223209",
    "price": 6.19,
    "reference_price": 8.25,
    "iva": 21,
    "reference_unit": "1 L",
    "date": "2023-01-17"
  },
  {
    "id": 13069,
    "name": "Colonia Corporal SPIDERMAN",
    "description": "Colonia Corporal 200 ml",
    "category": "Infantiles",
    "url": "https://tienda.consum.es/es/p/colonia-corporal/7223295",
    "price": 5.79,
    "reference_price": 2.9,
    "iva": 21,
    "reference_unit": "100 ml",
    "date": "2023-01-17"
  },
  {
    "id": 13076,
    "name": "Colonia Femenina Nº36 CARAVAN",
    "description": "Colonia Femenina Nº36 150 ml",
    "category": "Femeninas",
    "url": "https://tienda.consum.es/es/p/colonia-femenina-n36/7226272",
    "price": 10.95,
    "reference_price": 7.3,
    "iva": 21,
    "reference_unit": "100 ml",
    "date": "2023-01-17"
  },
  {
    "id": 13077,
    "name": "Colonia Femenina Nº38 CARAVAN",
    "description": "Colonia Femenina Nº38 150 ml",
    "category": "Femeninas",
    "url": "https://tienda.consum.es/es/p/colonia-femenina-n38/7226277",
    "price": 10.95,
    "reference_price": 7.3,
    "iva": 21,
    "reference_unit": "100 ml",
    "date": "2023-01-17"
  },
  {
    "id": 13078,
    "name": "Colonia Masculina Nº11 CARAVAN",
    "description": "Colonia Masculina Nº11 150 ml",
    "category": "Masculinas",
    "url": "https://tienda.consum.es/es/p/colonia-masculina-n11/7226280",
    "price": 10.95,
    "reference_price": 7.3,
    "iva": 21,
    "reference_unit": "100 ml",
    "date": "2023-01-17"
  },
  {
    "id": 13079,
    "name": "Colonia Masculina Nº17 CARAVAN",
    "description": "Colonia Masculina Nº17 150 ml",
    "category": "Masculinas",
    "url": "https://tienda.consum.es/es/p/colonia-masculina-n17/7226298",
    "price": 10.95,
    "reference_price": 7.3,
    "iva": 21,
    "reference_unit": "100 ml",
    "date": "2023-01-17"
  },
  {
    "id": 13080,
    "name": "Colonia Masculina Nº19 CARAVAN",
    "description": "Colonia Masculina Nº19 150 ml",
    "category": "Masculinas",
    "url": "https://tienda.consum.es/es/p/colonia-masculina-n19/7226301",
    "price": 10.95,
    "reference_price": 7.3,
    "iva": 21,
    "reference_unit": "100 ml",
    "date": "2023-01-17"
  },
  {
    "id": 13081,
    "name": "Colonia Masculina Nº20 CARAVAN",
    "description": "Colonia Masculina Nº20 150 ml",
    "category": "Masculinas",
    "url": "https://tienda.consum.es/es/p/colonia-masculina-n20/7226306",
    "price": 10.95,
    "reference_price": 7.3,
    "iva": 21,
    "reference_unit": "100 ml",
    "date": "2023-01-17"
  },
  {
    "id": 13082,
    "name": "Colonia Masculina Nº53 CARAVAN",
    "description": "Colonia Masculina Nº53 150 ml",
    "category": "Masculinas",
    "url": "https://tienda.consum.es/es/p/colonia-masculina-n53/7226319",
    "price": 10.95,
    "reference_price": 7.3,
    "iva": 21,
    "reference_unit": "100 ml",
    "date": "2023-01-17"
  },
  {
    "id": 13085,
    "name": "Recipiente Anti Humedad Aparato más Recambio LA LEVANTINA",
    "description": "Recipiente Anti Humedad Aparato más Recambio 1 U",
    "category": "Eléctricos y automáticos",
    "url": "https://tienda.consum.es/es/p/recipiente-anti-humedad-aparato-mas-recambio/7228922",
    "price": 3.15,
    "reference_price": 3.15,
    "iva": 21,
    "reference_unit": "1 U",
    "date": "2023-01-17"
  },
  {
    "id": 13086,
    "name": "Recambio Aparato Anti Humedad LA LEVANTINA",
    "description": "Recambio Aparato Anti Humedad 1 U",
    "category": "Absorbe olores y antihumedad",
    "url": "https://tienda.consum.es/es/p/recambio-aparato-anti-humedad/7228927",
    "price": 2,
    "reference_price": 2,
    "iva": 21,
    "reference_unit": "1 U",
    "date": "2023-01-17"
  },
  {
    "id": 13087,
    "name": "Recambio Anti Humedad LA LEVANTINA",
    "description": "Recambio Anti Humedad 3 U",
    "category": "Absorbe olores y antihumedad",
    "url": "https://tienda.consum.es/es/p/recambio-anti-humedad/7228930",
    "price": 5.89,
    "reference_price": 1.96,
    "iva": 21,
    "reference_unit": "1 U",
    "date": "2023-01-17"
  },
  {
    "id": 13088,
    "name": "Anti Humedad Micro Aparato más Recambio LA LEVANTINA",
    "description": "Anti Humedad Micro Aparato más Recambio 1 U",
    "category": "Absorbe olores y antihumedad",
    "url": "https://tienda.consum.es/es/p/anti-humedad-micro-aparato-mas-recambio/7228943",
    "price": 2.09,
    "reference_price": 2.09,
    "iva": 21,
    "reference_unit": "1 U",
    "date": "2023-01-17"
  },
  {
    "id": 13089,
    "name": "Absorbe Olores para el Frigorífico LA LEVANTINA",
    "description": "Absorbe Olores para el Frigorífico 1 U",
    "category": "Absorbe olores y antihumedad",
    "url": "https://tienda.consum.es/es/p/absorbe-olores-para-el-frigorifico/7228950",
    "price": 1.8,
    "reference_price": 1.8,
    "iva": 21,
    "reference_unit": "1 U",
    "date": "2023-01-17"
  },
  {
    "id": 13094,
    "name": "Cava Brut Nature D.O.Cava BISILA",
    "description": "Cava Brut Nature D.O.Cava 0,75 L",
    "category": "Cavas y sidras",
    "url": "https://tienda.consum.es/es/p/cava-brut-nature-docava/7231889",
    "price": 5.99,
    "reference_price": 7.99,
    "iva": 21,
    "reference_unit": "1 L",
    "date": "2023-01-17"
  },
  {
    "id": 13095,
    "name": "Lechuga Hoja de Roble Peso Aproximado 200 gr ",
    "description": "Lechuga Hoja de Roble Peso Aproximado 200 gr 0,2 Kg",
    "category": "Lechuga y endibias",
    "url": "https://tienda.consum.es/es/p/lechuga-hoja-de-roble-peso-aproximado-200-gr/7232028",
    "price": 1.43,
    "reference_price": 7.15,
    "iva": 0,
    "reference_unit": "1 Kg",
    "date": "2023-01-17"
  },
  {
    "id": 13096,
    "name": "Fragolino B.MARTI",
    "description": "Fragolino 0,75 L",
    "category": "Internacional",
    "url": "https://tienda.consum.es/es/p/fragolino/7232429",
    "price": 4.39,
    "reference_price": 5.85,
    "iva": 21,
    "reference_unit": "1 L",
    "date": "2023-01-17"
  },
  {
    "id": 13102,
    "name": "Ambientador Deluxe Líquido Concentrado FORESAN",
    "description": "Ambientador Deluxe Líquido Concentrado 1 U",
    "category": "Aerosol spray o pistola",
    "url": "https://tienda.consum.es/es/p/ambientador-deluxe-liquido-concentrado/7236474",
    "price": 1.7,
    "reference_price": 1.7,
    "iva": 21,
    "reference_unit": "1 U",
    "date": "2023-01-17"
  },
  {
    "id": 13104,
    "name": "Recambio WC Discos Act Marino Pack 2 Unidades PATO",
    "description": "Recambio WC Discos Act Marino Pack 2 Unidades 2 U",
    "category": "Limpieza baños",
    "url": "https://tienda.consum.es/es/p/recambio-wc-discos-act-marino-pack-2-unidades/7237329",
    "price": 5.39,
    "reference_price": 2.7,
    "iva": 21,
    "reference_unit": "1 U",
    "date": "2023-01-17"
  },
  {
    "id": 13105,
    "name": "Champiñón Granel ",
    "description": "Champiñón Granel",
    "category": "Champiñones y setas",
    "url": "https://tienda.consum.es/es/p/champinon-granel/7237485",
    "price": 4.41,
    "reference_price": 4.41,
    "iva": 0,
    "reference_unit": "1 Kg",
    "date": "2023-01-17"
  },
  {
    "id": 13107,
    "name": "Recambio Ambientador Eléctrico Oasis Turquesa AIR WICK",
    "description": "Recambio Ambientador Eléctrico Oasis Turquesa 1 U",
    "category": "Eléctricos y automáticos",
    "url": "https://tienda.consum.es/es/p/recambio-ambientador-electrico-oasis-turquesa/7237642",
    "price": 4.99,
    "reference_price": 4.99,
    "iva": 21,
    "reference_unit": "1 U",
    "date": "2023-01-17"
  },
  {
    "id": 13114,
    "name": "Ambientador Aerosol Pure Flor AIR WICK",
    "description": "Ambientador Aerosol Pure Flor 250 ml",
    "category": "Aerosol spray o pistola",
    "url": "https://tienda.consum.es/es/p/ambientador-aerosol-pure-flor/7240666",
    "price": 5.49,
    "reference_price": 21.96,
    "iva": 21,
    "reference_unit": "1 L",
    "date": "2023-01-17"
  },
  {
    "id": 13119,
    "name": "Cápsulas Omega 3-6-7-9 NATURTIERRA",
    "description": "Cápsulas Omega 3-6-7-9 45 U",
    "category": "Fitoterapia",
    "url": "https://tienda.consum.es/es/p/capsulas-omega-3-6-7-9/7241768",
    "price": 4.95,
    "reference_price": 0.11,
    "iva": 10,
    "reference_unit": "1 U",
    "date": "2023-01-17"
  },
  {
    "id": 13126,
    "name": "Ajo Negro ",
    "description": "Ajo Negro 80 Gr",
    "category": "Patatas, cebollas y ajos",
    "url": "https://tienda.consum.es/es/p/ajo-negro/7245546",
    "price": 4.69,
    "reference_price": 58.63,
    "iva": 10,
    "reference_unit": "1 Kg",
    "date": "2023-01-17"
  },
  {
    "id": 13127,
    "name": "Vino Blanco Verdejo D.O.Rueda MONOLOGO",
    "description": "Vino Blanco Verdejo D.O.Rueda 0,75 L",
    "category": "Vinos d.o",
    "url": "https://tienda.consum.es/es/p/vino-blanco-verdejo-dorueda/7245558",
    "price": 5.49,
    "reference_price": 7.32,
    "iva": 21,
    "reference_unit": "1 L",
    "date": "2023-01-17"
  },
  {
    "id": 13136,
    "name": "Setas Laminadas Tiras ",
    "description": "Setas Laminadas Tiras 175 Gr",
    "category": "Champiñones y setas",
    "url": "https://tienda.consum.es/es/p/setas-laminadas-tiras/7247583",
    "price": 1.53,
    "reference_price": 8.74,
    "iva": 0,
    "reference_unit": "1 Kg",
    "date": "2023-01-17"
  },
  {
    "id": 13137,
    "name": "Lubricante Play Fresa DUREX",
    "description": "Lubricante Play Fresa 50 ml",
    "category": "Preservativos",
    "url": "https://tienda.consum.es/es/p/lubricante-play-fresa/7247794",
    "price": 9.75,
    "reference_price": 19.5,
    "iva": 21,
    "reference_unit": "100 ml",
    "date": "2023-01-17"
  },
  {
    "id": 13145,
    "name": "Escoba de Interior DuActiva VILEDA",
    "description": "Escoba de Interior DuActiva 1 U",
    "category": "Escoba y recogedor",
    "url": "https://tienda.consum.es/es/p/escoba-de-interior-duactiva/7249001",
    "price": 7.89,
    "reference_price": 7.89,
    "iva": 21,
    "reference_unit": "1 U",
    "date": "2023-01-17"
  },
  {
    "id": 13147,
    "name": "Colonia Masculina Nº70 Mini CARAVAN",
    "description": "Colonia Masculina Nº70 Mini 30 ml",
    "category": "Masculinas",
    "url": "https://tienda.consum.es/es/p/colonia-masculina-n70-mini/7249261",
    "price": 3.5,
    "reference_price": 11.67,
    "iva": 21,
    "reference_unit": "100 ml",
    "date": "2023-01-17"
  },
  {
    "id": 13150,
    "name": "Colonia Masculina Nº16 Mini CARAVAN",
    "description": "Colonia Masculina Nº16 Mini 30 ml",
    "category": "Masculinas",
    "url": "https://tienda.consum.es/es/p/colonia-masculina-n16-mini/7249282",
    "price": 3.5,
    "reference_price": 11.67,
    "iva": 21,
    "reference_unit": "100 ml",
    "date": "2023-01-17"
  },
  {
    "id": 13151,
    "name": "Colonia Masculina Nº18 Mini CARAVAN",
    "description": "Colonia Masculina Nº18 Mini 30 ml",
    "category": "Masculinas",
    "url": "https://tienda.consum.es/es/p/colonia-masculina-n18-mini/7249287",
    "price": 3.5,
    "reference_price": 11.67,
    "iva": 21,
    "reference_unit": "100 ml",
    "date": "2023-01-17"
  },
  {
    "id": 13153,
    "name": "Colonia Masculina Nº54 Mini CARAVAN",
    "description": "Colonia Masculina Nº54 Mini 30 ml",
    "category": "Masculinas",
    "url": "https://tienda.consum.es/es/p/colonia-masculina-n54-mini/7249303",
    "price": 3.5,
    "reference_price": 11.67,
    "iva": 21,
    "reference_unit": "100 ml",
    "date": "2023-01-17"
  },
  {
    "id": 13160,
    "name": "Cápsulas Vigoranat Maca NATURTIERRA",
    "description": "Cápsulas Vigoranat Maca 30 U",
    "category": "Fitoterapia",
    "url": "https://tienda.consum.es/es/p/capsulas-vigoranat-maca/7249501",
    "price": 5.99,
    "reference_price": 0.2,
    "iva": 10,
    "reference_unit": "1 U",
    "date": "2023-01-17"
  },
  {
    "id": 13162,
    "name": "Colònia Femenina Clandestine PACHA IBIZA",
    "description": "Colònia Femenina Clandestine 50 ml",
    "category": "Femeninas",
    "url": "https://tienda.consum.es/es/p/colonia-femenina-clandestine/7250558",
    "price": 6.95,
    "reference_price": 13.9,
    "iva": 21,
    "reference_unit": "100 ml",
    "date": "2023-01-17"
  },
  {
    "id": 13163,
    "name": "Cebolla Francesa Malla ",
    "description": "Cebolla Francesa Malla 500 Gr",
    "category": "Patatas, cebollas y ajos",
    "url": "https://tienda.consum.es/es/p/cebolla-francesa-malla/7250637",
    "price": 1.24,
    "reference_price": 2.48,
    "iva": 0,
    "reference_unit": "1 Kg",
    "date": "2023-01-17"
  },
  {
    "id": 13171,
    "name": "Cebolla Blanca Malla ",
    "description": "Cebolla Blanca Malla 500 Gr",
    "category": "Patatas, cebollas y ajos",
    "url": "https://tienda.consum.es/es/p/cebolla-blanca-malla/7251705",
    "price": 1.34,
    "reference_price": 2.68,
    "iva": 0,
    "reference_unit": "1 Kg",
    "date": "2023-01-17"
  },
  {
    "id": 13172,
    "name": "Tiras Nasales PHARMADOCT",
    "description": "Tiras Nasales 10 U",
    "category": "Otros",
    "url": "https://tienda.consum.es/es/p/tiras-nasales/7251841",
    "price": 3.15,
    "reference_price": 0.32,
    "iva": 10,
    "reference_unit": "1 U",
    "date": "2023-01-17"
  },
  {
    "id": 13173,
    "name": "Acondicionador Bifásico Reparador KYREY",
    "description": "Acondicionador Bifásico Reparador 400 ml",
    "category": "Acondicionadores",
    "url": "https://tienda.consum.es/es/p/acondicionador-bifasico-reparador/7251973",
    "price": 2.45,
    "reference_price": 0.61,
    "iva": 21,
    "reference_unit": "100 ml",
    "date": "2023-01-17"
  },
  {
    "id": 13174,
    "name": "Tijeras Nariz y Orejas Punta Redondeada BETER",
    "description": "Tijeras Nariz y Orejas Punta Redondeada 1 U",
    "category": "Peines y accesorios",
    "url": "https://tienda.consum.es/es/p/tijeras-nariz-y-orejas-punta-redondeada/7252760",
    "price": 4.99,
    "reference_price": 4.99,
    "iva": 21,
    "reference_unit": "1 U",
    "date": "2023-01-17"
  },
  {
    "id": 13189,
    "name": "Cava Brut Nature D.O.Cava D.DE LA VEGA",
    "description": "Cava Brut Nature D.O.Cava 0,75 L",
    "category": "Cavas y sidras",
    "url": "https://tienda.consum.es/es/p/cava-brut-nature-docava/7255318",
    "price": 10.3,
    "reference_price": 13.73,
    "iva": 21,
    "reference_unit": "1 L",
    "date": "2023-01-17"
  },
  {
    "id": 13204,
    "name": "Roll On Arnica TOPETO",
    "description": "Roll On Arnica 1 U",
    "category": "Puericultura",
    "url": "https://tienda.consum.es/es/p/roll-on-arnica/7257962",
    "price": 3.95,
    "reference_price": 3.95,
    "iva": 21,
    "reference_unit": "1 U",
    "date": "2023-01-17"
  },
  {
    "id": 13208,
    "name": "Guante Satinado Sensible Látex TPequeña CONSUM",
    "description": "Guante Satinado Sensible Látex TPequeña 1 U",
    "category": "Guantes domésticos",
    "url": "https://tienda.consum.es/es/p/guante-satinado-sensible-latex-tpequena/7258747",
    "price": 0.7,
    "reference_price": 0.7,
    "iva": 21,
    "reference_unit": "1 U",
    "date": "2023-01-17"
  },
  {
    "id": 13209,
    "name": "Plumero Aparato más 2 Recambios PRONTO",
    "description": "Plumero Aparato más 2 Recambios 2 x 1 U",
    "category": "Bayetas, gamuzas y plumeros",
    "url": "https://tienda.consum.es/es/p/plumero-aparato-mas-2-recambios/7259919",
    "price": 4.69,
    "reference_price": 2.35,
    "iva": 21,
    "reference_unit": "1 U",
    "date": "2023-01-17"
  },
  {
    "id": 13212,
    "name": "Vino Rosado D.O.Rioja EL COTO",
    "description": "Vino Rosado D.O.Rioja 0,75 L",
    "category": "Vinos d.o",
    "url": "https://tienda.consum.es/es/p/vino-rosado-dorioja/7260706",
    "price": 4.15,
    "reference_price": 5.53,
    "iva": 21,
    "reference_unit": "1 L",
    "date": "2023-01-17"
  },
  {
    "id": 13223,
    "name": "Colonia Colors Indigo Men NIKE",
    "description": "Colonia Colors Indigo Men 100 ml",
    "category": "Masculinas",
    "url": "https://tienda.consum.es/es/p/colonia-colors-indigo-men/7261324",
    "price": 9.99,
    "reference_price": 9.99,
    "iva": 21,
    "reference_unit": "100 ml",
    "date": "2023-01-17"
  },
  {
    "id": 13234,
    "name": "Ambientador Instantáneo Pulverizador Brisa ASEVI",
    "description": "Ambientador Instantáneo Pulverizador Brisa 400 ml",
    "category": "Aerosol spray o pistola",
    "url": "https://tienda.consum.es/es/p/ambientador-instantaneo-pulverizador-brisa/7262251",
    "price": 2.39,
    "reference_price": 0.6,
    "iva": 21,
    "reference_unit": "100 ml",
    "date": "2023-01-17"
  },
  {
    "id": 13241,
    "name": "Vino Blanco con Barrica D.O.Utiel-Requena P.DE THARSYS",
    "description": "Vino Blanco con Barrica D.O.Utiel-Requena 0,75 L",
    "category": "Vinos d.o",
    "url": "https://tienda.consum.es/es/p/vino-blanco-con-barrica-doutiel-requena/7263304",
    "price": 4.79,
    "reference_price": 6.39,
    "iva": 21,
    "reference_unit": "1 L",
    "date": "2023-01-17"
  },
  {
    "id": 13247,
    "name": "Vino Tinto Reserva D.O.Valdepeñas VIÑA ALBALI",
    "description": "Vino Tinto Reserva D.O.Valdepeñas 0,37 L",
    "category": "Vinos d.o",
    "url": "https://tienda.consum.es/es/p/vino-tinto-reserva-dovaldepenas/7263882",
    "price": 2.84,
    "reference_price": 7.57,
    "iva": 21,
    "reference_unit": "1 L",
    "date": "2023-01-17"
  },
  {
    "id": 13248,
    "name": "Vino Tinto Crianza D.O.Ribera del Duero ALT.TAMARON",
    "description": "Vino Tinto Crianza D.O.Ribera del Duero 0,37 L",
    "category": "Vinos d.o",
    "url": "https://tienda.consum.es/es/p/vino-tinto-crianza-doribera-del-duero/7263887",
    "price": 4.29,
    "reference_price": 11.44,
    "iva": 21,
    "reference_unit": "1 L",
    "date": "2023-01-17"
  },
  {
    "id": 13249,
    "name": "Reparador Muebles PRONTO",
    "description": "Reparador Muebles 0,1 L",
    "category": "Limpiadores muebles",
    "url": "https://tienda.consum.es/es/p/reparador-muebles/7264211",
    "price": 5.99,
    "reference_price": 59.9,
    "iva": 21,
    "reference_unit": "1 L",
    "date": "2023-01-17"
  },
  {
    "id": 13251,
    "name": "Vino Tinto Crianza D.O.Rioja RAMON BILBAO",
    "description": "Vino Tinto Crianza D.O.Rioja 0,75 L",
    "category": "Vinos d.o",
    "url": "https://tienda.consum.es/es/p/vino-tinto-crianza-dorioja/7264476",
    "price": 9.75,
    "reference_price": 13,
    "iva": 21,
    "reference_unit": "1 L",
    "date": "2023-01-17"
  },
  {
    "id": 13253,
    "name": "Vino Tinto Ecológico D.O.Alicante EKO",
    "description": "Vino Tinto Ecológico D.O.Alicante 0,75 L",
    "category": "Vinos d.o",
    "url": "https://tienda.consum.es/es/p/vino-tinto-ecologico-doalicante/7264489",
    "price": 4.25,
    "reference_price": 5.67,
    "iva": 21,
    "reference_unit": "1 L",
    "date": "2023-01-17"
  },
  {
    "id": 13259,
    "name": "Vino Tinto D.O.Cataluña SANGRE TORO",
    "description": "Vino Tinto D.O.Cataluña 0,37 L",
    "category": "Vinos d.o",
    "url": "https://tienda.consum.es/es/p/vino-tinto-docataluna/7267367",
    "price": 3.6,
    "reference_price": 9.6,
    "iva": 21,
    "reference_unit": "1 L",
    "date": "2023-01-17"
  },
  {
    "id": 13266,
    "name": "Vino Rosado Pálido D.O.Valencia J. DE JUANES",
    "description": "Vino Rosado Pálido D.O.Valencia 0,75 L",
    "category": "Internacional",
    "url": "https://tienda.consum.es/es/p/vino-rosado-palido-dovalencia/7268154",
    "price": 2.9,
    "reference_price": 3.87,
    "iva": 21,
    "reference_unit": "1 L",
    "date": "2023-01-17"
  },
  {
    "id": 13267,
    "name": "Tomate Cherry Selección ",
    "description": "Tomate Cherry Selección 250 Gr",
    "category": "Pepinos, tomates y pimientos",
    "url": "https://tienda.consum.es/es/p/tomate-cherry-seleccion/7268209",
    "price": 1.85,
    "reference_price": 7.4,
    "iva": 0,
    "reference_unit": "1 Kg",
    "date": "2023-01-17"
  },
  {
    "id": 13274,
    "name": "Bálsamo Oriental TECSANIA",
    "description": "Bálsamo Oriental 30 Gr",
    "category": "Otros",
    "url": "https://tienda.consum.es/es/p/balsamo-oriental/7269678",
    "price": 2.99,
    "reference_price": 9.97,
    "iva": 21,
    "reference_unit": "100 Gr",
    "date": "2023-01-17"
  },
  {
    "id": 13284,
    "name": "Vino Blanco Albariño D.O.Rías Baixas MARTIN CODAX",
    "description": "Vino Blanco Albariño D.O.Rías Baixas 0,75 L",
    "category": "Vinos d.o",
    "url": "https://tienda.consum.es/es/p/vino-blanco-albarino-dorias-baixas/7272243",
    "price": 12.5,
    "reference_price": 16.67,
    "iva": 21,
    "reference_unit": "1 L",
    "date": "2023-01-17"
  },
  {
    "id": 13290,
    "name": "Stick Antirozaduras Pies ECO FEET",
    "description": "Stick Antirozaduras Pies 1 U",
    "category": "Cuidado manos y pies",
    "url": "https://tienda.consum.es/es/p/stick-antirozaduras-pies/7272826",
    "price": 2.55,
    "reference_price": 2.55,
    "iva": 21,
    "reference_unit": "1 U",
    "date": "2023-01-17"
  },
  {
    "id": 13294,
    "name": "Sidra Natural Asturiana GOBERNADOR",
    "description": "Sidra Natural Asturiana 0,7 L",
    "category": "Cavas y sidras",
    "url": "https://tienda.consum.es/es/p/sidra-natural-asturiana/7273246",
    "price": 1.75,
    "reference_price": 2.5,
    "iva": 21,
    "reference_unit": "1 L",
    "date": "2023-01-17"
  },
  {
    "id": 13298,
    "name": "Recambio Cross Action ORAL B",
    "description": "Recambio Cross Action 2 U",
    "category": "Cepillos de dientes",
    "url": "https://tienda.consum.es/es/p/recambio-cross-action/7273654",
    "price": 12.95,
    "reference_price": 6.48,
    "iva": 21,
    "reference_unit": "1 U",
    "date": "2023-01-17"
  },
  {
    "id": 13300,
    "name": "Anís Verde Matalauva Tarro DUCROS",
    "description": "Anís Verde Matalauva Tarro 37 Gr",
    "category": "Especias",
    "url": "https://tienda.consum.es/es/p/anis-verde-matalauva-tarro/7273787",
    "price": 2.49,
    "reference_price": 6.73,
    "iva": 10,
    "reference_unit": "100 Gr",
    "date": "2023-01-17"
  },
  {
    "id": 13301,
    "name": "Uñas Postizas PONETTE",
    "description": "Uñas Postizas 1 U",
    "category": "Ojos",
    "url": "https://tienda.consum.es/es/p/unas-postizas/7273894",
    "price": 4.55,
    "reference_price": 4.55,
    "iva": 21,
    "reference_unit": "1 U",
    "date": "2023-01-17"
  },
  {
    "id": 13305,
    "name": "Tinte Nutrisse 5.35 Chocolate GARNIER",
    "description": "Tinte Nutrisse 5.35 Chocolate 1 U",
    "category": "Coloración",
    "url": "https://tienda.consum.es/es/p/tinte-nutrisse-535-chocolate/7274566",
    "price": 4.99,
    "reference_price": 4.99,
    "iva": 21,
    "reference_unit": "1 U",
    "date": "2023-01-17"
  },
  {
    "id": 13306,
    "name": "Tinte Nutrisse 4 Castaño GARNIER",
    "description": "Tinte Nutrisse 4 Castaño 1 U",
    "category": "Coloración",
    "url": "https://tienda.consum.es/es/p/tinte-nutrisse-4-castano/7274579",
    "price": 4.99,
    "reference_price": 4.99,
    "iva": 21,
    "reference_unit": "1 U",
    "date": "2023-01-17"
  },
  {
    "id": 13307,
    "name": "Tinte Nutrisse 6 Rubio Oscuro GARNIER",
    "description": "Tinte Nutrisse 6 Rubio Oscuro 1 U",
    "category": "Coloración",
    "url": "https://tienda.consum.es/es/p/tinte-nutrisse-6-rubio-oscuro/7274595",
    "price": 4.99,
    "reference_price": 4.99,
    "iva": 21,
    "reference_unit": "1 U",
    "date": "2023-01-17"
  },
  {
    "id": 13308,
    "name": "Tinte Nutrisse 1 Negro GARNIER",
    "description": "Tinte Nutrisse 1 Negro 1 U",
    "category": "Coloración",
    "url": "https://tienda.consum.es/es/p/tinte-nutrisse-1-negro/7274637",
    "price": 4.99,
    "reference_price": 4.99,
    "iva": 21,
    "reference_unit": "1 U",
    "date": "2023-01-17"
  },
  {
    "id": 13313,
    "name": "Dorada ",
    "description": "Dorada - Pieza 600 g aprox",
    "category": "Pescado blanco",
    "url": "https://tienda.consum.es/es/p/dorada/2174969",
    "price": 5,
    "reference_price": 8.3,
    "iva": 10,
    "reference_unit": "1 Kg",
    "date": "2023-01-17"
  },
  {
    "id": 13315,
    "name": "Mortadela de Pavo ELPOZO",
    "description": "Mortadela de Pavo",
    "category": "Fiambres ave",
    "url": "https://tienda.consum.es/es/p/mortadela-de-pavo/7020675",
    "price": 9.99,
    "reference_price": 9.99,
    "iva": 10,
    "reference_unit": "1 Kg",
    "date": "2023-01-17"
  },
  {
    "id": 13316,
    "name": "Linterna Petaca Metal Compac Led +3AA ENERGIZER",
    "description": "Linterna Petaca Metal Compac Led +3AA 1 U",
    "category": "Electricidad, pilas y bombillas",
    "url": "https://tienda.consum.es/es/p/linterna-petaca-metal-compac-led-3aa/7151269",
    "price": 7.99,
    "reference_price": 7.99,
    "iva": 21,
    "reference_unit": "1 U",
    "date": "2023-01-17"
  },
  {
    "id": 13325,
    "name": "Sustrato Universal Ecológico 10 Litros BONORA",
    "description": "Sustrato Universal Ecológico 10 Litros 1 U",
    "category": "Jardinería y plantas",
    "url": "https://tienda.consum.es/es/p/sustrato-universal-ecologico-10-litros/7199698",
    "price": 2.99,
    "reference_price": 2.99,
    "iva": 21,
    "reference_unit": "1 U",
    "date": "2023-01-17"
  },
  {
    "id": 13326,
    "name": "Sustrato Universal Ecológico 20 Litros BONORA",
    "description": "Sustrato Universal Ecológico 20 Litros 1 U",
    "category": "Jardinería y plantas",
    "url": "https://tienda.consum.es/es/p/sustrato-universal-ecologico-20-litros/7199719",
    "price": 3.99,
    "reference_price": 3.99,
    "iva": 21,
    "reference_unit": "1 U",
    "date": "2023-01-17"
  },
  {
    "id": 13328,
    "name": "Tri-Action 10 Gramos Pega-Repara-Sella CEYS",
    "description": "Tri-Action 10 Gramos Pega-Repara-Sella 1 U",
    "category": "Otros bricolaje",
    "url": "https://tienda.consum.es/es/p/tri-action-10-gramos-pega-repara-sella/7201247",
    "price": 4.85,
    "reference_price": 4.85,
    "iva": 21,
    "reference_unit": "1 U",
    "date": "2023-01-17"
  },
  {
    "id": 13331,
    "name": "Fertilizante Líquido Universal 800+200 ml GESAL",
    "description": "Fertilizante Líquido Universal 800+200 ml 1 L",
    "category": "Barbacoa, piscina y playa",
    "url": "https://tienda.consum.es/es/p/fertilizante-liquido-universal-800200-ml/7214612",
    "price": 5.99,
    "reference_price": 5.99,
    "iva": 21,
    "reference_unit": "1 L",
    "date": "2023-01-17"
  },
  {
    "id": 13333,
    "name": "Contactceys 30 Mililitros CEYS",
    "description": "Contactceys 30 Mililitros 1 U",
    "category": "Otros bricolaje",
    "url": "https://tienda.consum.es/es/p/contactceys-30-mililitros/7246705",
    "price": 2.39,
    "reference_price": 2.39,
    "iva": 21,
    "reference_unit": "1 U",
    "date": "2023-01-17"
  },
  {
    "id": 13335,
    "name": "Zanahoria Baby ",
    "description": "Zanahoria Baby 125 Gr",
    "category": "Zanahorias y otras raíces",
    "url": "https://tienda.consum.es/es/p/zanahoria-baby/7246945",
    "price": 1.25,
    "reference_price": 10,
    "iva": 0,
    "reference_unit": "1 Kg",
    "date": "2023-01-17"
  },
  {
    "id": 13338,
    "name": "Bimi ",
    "description": "Bimi 200 Gr",
    "category": "Brócoli, col y coliflor",
    "url": "https://tienda.consum.es/es/p/bimi/7258155",
    "price": 1.91,
    "reference_price": 9.55,
    "iva": 0,
    "reference_unit": "1 Kg",
    "date": "2023-01-17"
  },
  {
    "id": 13339,
    "name": "Refresco Naranja Cero sin Gas Botella CONSUM",
    "description": "Refresco Naranja Cero sin Gas Botella 1,5 L",
    "category": "Refrescos sin gas",
    "url": "https://tienda.consum.es/es/p/refresco-naranja-cero-sin-gas-botella/7260156",
    "price": 0.98,
    "reference_price": 0.65,
    "iva": 21,
    "reference_unit": "1 L",
    "date": "2023-01-17"
  },
  {
    "id": 13342,
    "name": "Aceite de Oliva Virgen Botella CONSUM",
    "description": "Aceite de Oliva Virgen Botella 1 L",
    "category": "Aceite de oliva virgen y virgen extra",
    "url": "https://tienda.consum.es/es/p/aceite-de-oliva-virgen-botella/7265671",
    "price": 5.2,
    "reference_price": 5.2,
    "iva": 5,
    "reference_unit": "1 L",
    "date": "2023-01-17"
  },
  {
    "id": 13352,
    "name": "Porción de Salmón Noruego ",
    "description": "Porción de Salmón Noruego - Pieza 200 g aprox.",
    "category": "Pescado azul",
    "url": "https://tienda.consum.es/es/p/porcion-de-salmon-noruego/142752",
    "price": 4.98,
    "reference_price": 24.9,
    "iva": 10,
    "reference_unit": "1 Kg",
    "date": "2023-01-17"
  },
  {
    "id": 13353,
    "name": "Anilla de Potón ",
    "description": "Anilla de Potón",
    "category": "Calamar y sepia",
    "url": "https://tienda.consum.es/es/p/anilla-de-poton/222794",
    "price": 12.9,
    "reference_price": 12.9,
    "iva": 10,
    "reference_unit": "1 Kg",
    "date": "2023-01-17"
  },
  {
    "id": 13354,
    "name": "Trucha Arco Iris Asalmonada ",
    "description": "Trucha Arco Iris Asalmonada - Disponible todos los días excepto Martes",
    "category": "Pescado azul",
    "url": "https://tienda.consum.es/es/p/trucha-arco-iris-asalmonada/511782",
    "price": 3.18,
    "reference_price": 7.95,
    "iva": 10,
    "reference_unit": "1 Kg",
    "date": "2023-01-17"
  },
  {
    "id": 13355,
    "name": "Langostino Cocido ",
    "description": "Langostino Cocido mediano",
    "category": "Marisco",
    "url": "https://tienda.consum.es/es/p/langostino-cocido/511832",
    "price": 9.95,
    "reference_price": 9.95,
    "iva": 10,
    "reference_unit": "1 Kg",
    "date": "2023-01-17"
  },
  {
    "id": 13356,
    "name": "Paté a la Pimienta Pasteurizado LA CUINA",
    "description": "Paté a la Pimienta Pasteurizado",
    "category": "Patés y untables",
    "url": "https://tienda.consum.es/es/p/pate-a-la-pimienta-pasteurizado/695643",
    "price": 11.5,
    "reference_price": 11.5,
    "iva": 10,
    "reference_unit": "1 Kg",
    "date": "2023-01-17"
  },
  {
    "id": 13357,
    "name": "Choricito Mini ",
    "description": "Choricito Mini",
    "category": "Embutido",
    "url": "https://tienda.consum.es/es/p/choricito-mini/927517",
    "price": 0.13,
    "reference_price": 8.4,
    "iva": 10,
    "reference_unit": "1 Kg",
    "date": "2023-01-17"
  },
  {
    "id": 13358,
    "name": "Solomillo de Cerdo ",
    "description": "Solomillo de Cerdo",
    "category": "Cerdo",
    "url": "https://tienda.consum.es/es/p/solomillo-de-cerdo/1454024",
    "price": 3.22,
    "reference_price": 8.05,
    "iva": 10,
    "reference_unit": "1 Kg",
    "date": "2023-01-17"
  },
  {
    "id": 13361,
    "name": "Salchichón Extra Fino GOIKOA",
    "description": "Salchichón Extra Fino",
    "category": "Salchichón y salami",
    "url": "https://tienda.consum.es/es/p/salchichon-extra-fino/7002116",
    "price": 12.9,
    "reference_price": 12.9,
    "iva": 10,
    "reference_unit": "1 Kg",
    "date": "2023-01-17"
  },
  {
    "id": 13363,
    "name": "Lubina ",
    "description": "Lubina - Pieza 1 Kg aprox.",
    "category": "Pescado blanco",
    "url": "https://tienda.consum.es/es/p/lubina/7010650",
    "price": 4.86,
    "reference_price": 8.75,
    "iva": 10,
    "reference_unit": "1 Kg",
    "date": "2023-01-17"
  },
  {
    "id": 13364,
    "name": "Filete muy Tierno de Ternera Gallega ",
    "description": "Filete muy Tierno de Ternera Gallega",
    "category": "Ternera y añojo",
    "url": "https://tienda.consum.es/es/p/filete-muy-tierno-de-ternera-gallega/7045409",
    "price": 3.42,
    "reference_price": 22.9,
    "iva": 10,
    "reference_unit": "1 Kg",
    "date": "2023-01-17"
  },
  {
    "id": 13366,
    "name": "Salami Extra ARGAL",
    "description": "Salami Extra",
    "category": "Salchichón y salami",
    "url": "https://tienda.consum.es/es/p/salami-extra/7110976",
    "price": 9.99,
    "reference_price": 9.99,
    "iva": 10,
    "reference_unit": "1 Kg",
    "date": "2023-01-17"
  },
  {
    "id": 13367,
    "name": "Paté de Campaña Pasteurizado CHIPALI",
    "description": "Paté de Campaña Pasteurizado",
    "category": "Patés y untables",
    "url": "https://tienda.consum.es/es/p/pate-de-campana-pasteurizado/7154123",
    "price": 10.5,
    "reference_price": 10.5,
    "iva": 10,
    "reference_unit": "1 Kg",
    "date": "2023-01-17"
  },
  {
    "id": 13375,
    "name": "Alas de Pollo ",
    "description": "Alas de Pollo",
    "category": "Aves y conejo",
    "url": "https://tienda.consum.es/es/p/alas-de-pollo/107383",
    "price": 0.52,
    "reference_price": 4.7,
    "iva": 10,
    "reference_unit": "1 Kg",
    "date": "2023-01-17"
  },
  {
    "id": 13376,
    "name": "Queso Fresco Tradicional Cincho L. Pasteurizada ANGULO",
    "description": "Queso Fresco Tradicional Cincho L. Pasteurizada",
    "category": "Frescos y para ensaladas",
    "url": "https://tienda.consum.es/es/p/queso-fresco-tradicional-cincho-l-pasteurizada/110445",
    "price": 12.02,
    "reference_price": 12.02,
    "iva": 0,
    "reference_unit": "1 Kg",
    "date": "2023-01-17"
  },
  {
    "id": 13380,
    "name": "Queso Bavaria Blue Leche Vaca Pasteurizada BERGADER",
    "description": "Queso Bavaria Blue Leche Vaca Pasteurizada",
    "category": "Roquefort y azules",
    "url": "https://tienda.consum.es/es/p/queso-bavaria-blue-leche-vaca-pasteurizada/219113",
    "price": 15.29,
    "reference_price": 15.29,
    "iva": 0,
    "reference_unit": "1 Kg",
    "date": "2023-01-17"
  },
  {
    "id": 13381,
    "name": "Queso Oveja Leche Crud Cura. 7 Meses Valladolid FLOR ESGUEVA",
    "description": "Queso Oveja Leche Crud Cura. 7 Meses Valladolid",
    "category": "Quesos Curados",
    "url": "https://tienda.consum.es/es/p/queso-oveja-leche-crud-cura-7-meses-valladolid/220681",
    "price": 24.76,
    "reference_price": 24.76,
    "iva": 0,
    "reference_unit": "1 Kg",
    "date": "2023-01-17"
  },
  {
    "id": 13382,
    "name": "Queso Mezcla Curado 5 Meses L. Pasteurizada GRAN CAPITAN",
    "description": "Queso Mezcla Curado 5 Meses L. Pasteurizada",
    "category": "Quesos Curados",
    "url": "https://tienda.consum.es/es/p/queso-mezcla-curado-5-meses-l-pasteurizada/234633",
    "price": 18.17,
    "reference_price": 18.17,
    "iva": 0,
    "reference_unit": "1 Kg",
    "date": "2023-01-17"
  },
  {
    "id": 13384,
    "name": "Queso Mezcla Barra Tierno L. Pasteurizada EL VENTERO",
    "description": "Queso Mezcla Barra Tierno L. Pasteurizada",
    "category": "Barra y otros nacionales",
    "url": "https://tienda.consum.es/es/p/queso-mezcla-barra-tierno-l-pasteurizada/700971",
    "price": 15.87,
    "reference_price": 15.87,
    "iva": 0,
    "reference_unit": "1 Kg",
    "date": "2023-01-17"
  },
  {
    "id": 13385,
    "name": "Queso Fresco Servilleta Leche Pasteurizada GRANJA RINYA",
    "description": "Queso Fresco Servilleta Leche Pasteurizada",
    "category": "Frescos y para ensaladas",
    "url": "https://tienda.consum.es/es/p/queso-fresco-servilleta-leche-pasteurizada/811240",
    "price": 11.44,
    "reference_price": 11.44,
    "iva": 0,
    "reference_unit": "1 Kg",
    "date": "2023-01-17"
  },
  {
    "id": 13387,
    "name": "Longaniza Tipo Requena ",
    "description": "Longaniza Tipo Requena",
    "category": "Embutido",
    "url": "https://tienda.consum.es/es/p/longaniza-tipo-requena/927426",
    "price": 0.5,
    "reference_price": 9.99,
    "iva": 10,
    "reference_unit": "1 Kg",
    "date": "2023-01-17"
  },
  {
    "id": 13389,
    "name": "Chorizo Tipo de Pueblo ",
    "description": "Chorizo Tipo de Pueblo",
    "category": "Embutido",
    "url": "https://tienda.consum.es/es/p/chorizo-tipo-de-pueblo/1717271",
    "price": 0.33,
    "reference_price": 6.62,
    "iva": 10,
    "reference_unit": "1 Kg",
    "date": "2023-01-17"
  },
  {
    "id": 13390,
    "name": "Morcilla de Cebolla Oreada ",
    "description": "Morcilla de Cebolla Oreada",
    "category": "Embutido",
    "url": "https://tienda.consum.es/es/p/morcilla-de-cebolla-oreada/1717420",
    "price": 0.38,
    "reference_price": 5.75,
    "iva": 10,
    "reference_unit": "1 Kg",
    "date": "2023-01-17"
  },
  {
    "id": 13397,
    "name": "Chuletas Palo y Riñonada ",
    "description": "Chuletas Palo y Riñonada",
    "category": "Cordero",
    "url": "https://tienda.consum.es/es/p/chuletas-palo-y-rinonada/1874031",
    "price": 1.56,
    "reference_price": 23.95,
    "iva": 10,
    "reference_unit": "1 Kg",
    "date": "2023-01-17"
  },
  {
    "id": 13398,
    "name": "Chuletas Pierna de Cordero ",
    "description": "Chuletas Pierna de Cordero",
    "category": "Cordero",
    "url": "https://tienda.consum.es/es/p/chuletas-pierna-de-cordero/1874049",
    "price": 1.58,
    "reference_price": 14.99,
    "iva": 10,
    "reference_unit": "1 Kg",
    "date": "2023-01-17"
  },
  {
    "id": 13399,
    "name": "Chuletas Paletilla de Cordero ",
    "description": "Chuletas Paletilla de Cordero",
    "category": "Cordero",
    "url": "https://tienda.consum.es/es/p/chuletas-paletilla-de-cordero/1874056",
    "price": 0.96,
    "reference_price": 15.99,
    "iva": 10,
    "reference_unit": "1 Kg",
    "date": "2023-01-17"
  },
  {
    "id": 13402,
    "name": "Longaniza de Payés ARGAL",
    "description": "Longaniza de Payés",
    "category": "Salchichón y salami",
    "url": "https://tienda.consum.es/es/p/longaniza-de-payes/4481834",
    "price": 21.9,
    "reference_price": 21.9,
    "iva": 10,
    "reference_unit": "1 Kg",
    "date": "2023-01-17"
  },
  {
    "id": 13404,
    "name": "Pechuga de Pavo ",
    "description": "Pechuga de Pavo",
    "category": "Aves y conejo",
    "url": "https://tienda.consum.es/es/p/pechuga-de-pavo/5848981",
    "price": 0.76,
    "reference_price": 8.99,
    "iva": 10,
    "reference_unit": "1 Kg",
    "date": "2023-01-17"
  },
  {
    "id": 13405,
    "name": "Conejo Entero ",
    "description": "Conejo Entero",
    "category": "Aves y conejo",
    "url": "https://tienda.consum.es/es/p/conejo-entero/5859434",
    "price": 9.22,
    "reference_price": 7.65,
    "iva": 10,
    "reference_unit": "1 Kg",
    "date": "2023-01-17"
  },
  {
    "id": 13406,
    "name": "Mortadela Estilo Italiano O.MAYER",
    "description": "Mortadela Estilo Italiano",
    "category": "Mortadela y chopped",
    "url": "https://tienda.consum.es/es/p/mortadela-estilo-italiano/7001019",
    "price": 12.39,
    "reference_price": 12.39,
    "iva": 10,
    "reference_unit": "1 Kg",
    "date": "2023-01-17"
  },
  {
    "id": 13407,
    "name": "Chorizo Extra Vela Dulce GOIKOA",
    "description": "Chorizo Extra Vela Dulce",
    "category": "Chorizo",
    "url": "https://tienda.consum.es/es/p/chorizo-extra-vela-dulce/7002140",
    "price": 13.9,
    "reference_price": 13.9,
    "iva": 10,
    "reference_unit": "1 Kg",
    "date": "2023-01-17"
  },
  {
    "id": 13408,
    "name": "Salchichón Ibérico de Bellota MONTARAZ",
    "description": "Salchichón Ibérico de Bellota",
    "category": "Ibéricos",
    "url": "https://tienda.consum.es/es/p/salchichon-iberico-de-bellota/7002769",
    "price": 30.5,
    "reference_price": 30.5,
    "iva": 10,
    "reference_unit": "1 Kg",
    "date": "2023-01-17"
  },
  {
    "id": 13409,
    "name": "Queso Cabra Semicurado Leche Pasteurizada CARMEN",
    "description": "Queso Cabra Semicurado Leche Pasteurizada",
    "category": "Quesos de Oveja",
    "url": "https://tienda.consum.es/es/p/queso-cabra-semicurado-leche-pasteurizada/7003965",
    "price": 16.25,
    "reference_price": 16.25,
    "iva": 0,
    "reference_unit": "1 Kg",
    "date": "2023-01-17"
  },
  {
    "id": 13410,
    "name": "Rulo de Cabra L. Pasteurizada de Cabra FORVAL",
    "description": "Rulo de Cabra L. Pasteurizada de Cabra",
    "category": "Quesos de Cabra",
    "url": "https://tienda.consum.es/es/p/rulo-de-cabra-l-pasteurizada-de-cabra/7003973",
    "price": 15.87,
    "reference_price": 15.87,
    "iva": 0,
    "reference_unit": "1 Kg",
    "date": "2023-01-17"
  },
  {
    "id": 13411,
    "name": "Rulo Mousse de Pato LA CUINA",
    "description": "Rulo Mousse de Pato",
    "category": "Foie y patés ",
    "url": "https://tienda.consum.es/es/p/rulo-mousse-de-pato/7020803",
    "price": 16.9,
    "reference_price": 16.9,
    "iva": 10,
    "reference_unit": "1 Kg",
    "date": "2023-01-17"
  },
  {
    "id": 13412,
    "name": "Jamón Reserva 12 Mes Peso Aproximado 7-8 K NAVIDUL",
    "description": "Jamón Reserva 12 Mes Peso Aproximado 7-8 K",
    "category": "Jamón",
    "url": "https://tienda.consum.es/es/p/jamon-reserva-12-mes-peso-aproximado-7-8-k/7021608",
    "price": 67,
    "reference_price": 9.57,
    "iva": 10,
    "reference_unit": "1 Kg",
    "date": "2023-01-17"
  },
  {
    "id": 13413,
    "name": "Jamón Cebo de Campo 50% Ibérico Aprox. 7,5 kg. MONTARAZ",
    "description": "Jamón Cebo de Campo 50% Ibérico Aprox. 7,5 kg.",
    "category": "Ibéricos",
    "url": "https://tienda.consum.es/es/p/jamon-cebo-de-campo-50-iberico-aprox-75-kg/7033934",
    "price": 169,
    "reference_price": 22.53,
    "iva": 10,
    "reference_unit": "1 Kg",
    "date": "2023-01-17"
  },
  {
    "id": 13414,
    "name": "Pera Rocha ",
    "description": "Pera Rocha",
    "category": "Manzana, pera y plátano",
    "url": "https://tienda.consum.es/es/p/pera-rocha/7038946",
    "price": 0.31,
    "reference_price": 2.2,
    "iva": 0,
    "reference_unit": "1 Kg",
    "date": "2023-01-17"
  },
  {
    "id": 13417,
    "name": "Filete Tierno de Ternera Gallega ",
    "description": "Filete Tierno de Ternera Gallega",
    "category": "Ternera y añojo",
    "url": "https://tienda.consum.es/es/p/filete-tierno-de-ternera-gallega/7045537",
    "price": 3.13,
    "reference_price": 20.95,
    "iva": 10,
    "reference_unit": "1 Kg",
    "date": "2023-01-17"
  },
  {
    "id": 13419,
    "name": "Chorizo Tradición REVILLA",
    "description": "Chorizo Tradición",
    "category": "Chorizo",
    "url": "https://tienda.consum.es/es/p/chorizo-tradicion/7059418",
    "price": 15.5,
    "reference_price": 15.5,
    "iva": 10,
    "reference_unit": "1 Kg",
    "date": "2023-01-17"
  },
  {
    "id": 13425,
    "name": "Q.Hushall Light 17% Gras Leche Vaca Pasteurizada ARLA",
    "description": "Q.Hushall Light 17% Gras Leche Vaca Pasteurizada",
    "category": "Barra y otros nacionales",
    "url": "https://tienda.consum.es/es/p/qhushall-light-17-gras-leche-vaca-pasteurizada/7065592",
    "price": 12.02,
    "reference_price": 12.02,
    "iva": 0,
    "reference_unit": "1 Kg",
    "date": "2023-01-17"
  },
  {
    "id": 13427,
    "name": "Q Parmigiano Reggiano D.O.P. L.Cruda de Vaca FERRARINI",
    "description": "Q Parmigiano Reggiano D.O.P. L.Cruda de Vaca",
    "category": "Otros quesos importación",
    "url": "https://tienda.consum.es/es/p/q-parmigiano-reggiano-dop-lcruda-de-vaca/7069917",
    "price": 22.02,
    "reference_price": 22.02,
    "iva": 0,
    "reference_unit": "1 Kg",
    "date": "2023-01-17"
  },
  {
    "id": 13429,
    "name": "Queso Brie Francés Leche Vaca Pasteurizada CANTOREL",
    "description": "Queso Brie Francés Leche Vaca Pasteurizada",
    "category": "Quesos de Cabra",
    "url": "https://tienda.consum.es/es/p/queso-brie-frances-leche-vaca-pasteurizada/7072460",
    "price": 12.4,
    "reference_price": 12.4,
    "iva": 0,
    "reference_unit": "1 Kg",
    "date": "2023-01-17"
  },
  {
    "id": 13430,
    "name": "Gambón Grande 20/30 Piezas/Kilo ",
    "description": "Gambón Grande 20/30 Piezas/Kilo - Congelado",
    "category": "Marisco",
    "url": "https://tienda.consum.es/es/p/gambon-grande-20/30-piezas/kilo/7072528",
    "price": 10.95,
    "reference_price": 10.95,
    "iva": 10,
    "reference_unit": "1 Kg",
    "date": "2023-01-17"
  },
  {
    "id": 13432,
    "name": "Mortadela Ibérica LEGADO POZO",
    "description": "Mortadela Ibérica",
    "category": "Mortadela y chopped",
    "url": "https://tienda.consum.es/es/p/mortadela-iberica/7082332",
    "price": 9.69,
    "reference_price": 9.69,
    "iva": 10,
    "reference_unit": "1 Kg",
    "date": "2023-01-17"
  },
  {
    "id": 13436,
    "name": "Salchichón Cular SOLÀ",
    "description": "Salchichón Cular",
    "category": "Salchichón y salami",
    "url": "https://tienda.consum.es/es/p/salchichon-cular/7092240",
    "price": 15.9,
    "reference_price": 15.9,
    "iva": 10,
    "reference_unit": "1 Kg",
    "date": "2023-01-17"
  },
  {
    "id": 13438,
    "name": "Q. Gruyère Suizo D.O.P Leche Cruda de Vaca SUIZA",
    "description": "Q. Gruyère Suizo D.O.P Leche Cruda de Vaca",
    "category": "Otros quesos importación",
    "url": "https://tienda.consum.es/es/p/q-gruyere-suizo-dop-leche-cruda-de-vaca/7097715",
    "price": 28.37,
    "reference_price": 28.37,
    "iva": 0,
    "reference_unit": "1 Kg",
    "date": "2023-01-17"
  },
  {
    "id": 13445,
    "name": "Queso Cabra Tierno Leche Pasteurizada G.BAQUERO",
    "description": "Queso Cabra Tierno Leche Pasteurizada",
    "category": "Tiernos y light",
    "url": "https://tienda.consum.es/es/p/queso-cabra-tierno-leche-pasteurizada/7134315",
    "price": 18.75,
    "reference_price": 18.75,
    "iva": 0,
    "reference_unit": "1 Kg",
    "date": "2023-01-17"
  },
  {
    "id": 13446,
    "name": "Queso Oveja Reserva Leche Cruda 8 Meses BOFFARD",
    "description": "Queso Oveja Reserva Leche Cruda 8 Meses",
    "category": "Quesos Curados",
    "url": "https://tienda.consum.es/es/p/queso-oveja-reserva-leche-cruda-8-meses/7135213",
    "price": 22.98,
    "reference_price": 22.98,
    "iva": 0,
    "reference_unit": "1 Kg",
    "date": "2023-01-17"
  },
  {
    "id": 13447,
    "name": "Queso Oveja Semicurado Leche Pasteurizada CARMEN",
    "description": "Queso Oveja Semicurado Leche Pasteurizada",
    "category": "Quesos de Oveja",
    "url": "https://tienda.consum.es/es/p/queso-oveja-semicurado-leche-pasteurizada/7141927",
    "price": 14.9,
    "reference_price": 14.9,
    "iva": 0,
    "reference_unit": "1 Kg",
    "date": "2023-01-17"
  },
  {
    "id": 13448,
    "name": "Queso Mezcla Barra Tierno L. Pasteurizada CARMEN",
    "description": "Queso Mezcla Barra Tierno L. Pasteurizada",
    "category": "Barra y otros nacionales",
    "url": "https://tienda.consum.es/es/p/queso-mezcla-barra-tierno-l-pasteurizada/7142441",
    "price": 12.98,
    "reference_price": 12.98,
    "iva": 0,
    "reference_unit": "1 Kg",
    "date": "2023-01-17"
  },
  {
    "id": 13451,
    "name": "Tarta de Queso Artesana Queso Fresco,Huevo,Lec GRANJA RINYA",
    "description": "Tarta de Queso Artesana Queso Fresco,Huevo,Lec",
    "category": "Frescos y para ensaladas",
    "url": "https://tienda.consum.es/es/p/tarta-de-queso-artesana-queso-frescohuevolec/7171338",
    "price": 9.49,
    "reference_price": 9.49,
    "iva": 10,
    "reference_unit": "1 Kg",
    "date": "2023-01-17"
  },
  {
    "id": 13453,
    "name": "Pollo Entero Certificado CONSUM",
    "description": "Pollo Entero Certificado",
    "category": "Aves y conejo",
    "url": "https://tienda.consum.es/es/p/pollo-entero-certificado/7181639",
    "price": 12.11,
    "reference_price": 4.6,
    "iva": 10,
    "reference_unit": "1 Kg",
    "date": "2023-01-17"
  },
  {
    "id": 13456,
    "name": "Sepia Sucia . ",
    "description": "Sepia Sucia - Pieza 800 g aprox.",
    "category": "Calamar y sepia",
    "url": "https://tienda.consum.es/es/p/sepia-sucia-/7185309",
    "price": 11.16,
    "reference_price": 13.95,
    "iva": 10,
    "reference_unit": "1 Kg",
    "date": "2023-01-17"
  },
  {
    "id": 13457,
    "name": "Buey Mar Cocido peso Aproxim. 500 gr - congelado ",
    "description": "Buey Mar Cocido peso Aproxim. 500 gr 1U - congelado",
    "category": "Marisco",
    "url": "https://tienda.consum.es/es/p/buey-mar-cocido-peso-aproxim-500-gr---congelado/7187201",
    "price": 8.95,
    "reference_price": 17.9,
    "iva": 10,
    "reference_unit": "1 Kg",
    "date": "2023-01-17"
  },
  {
    "id": 13458,
    "name": "Queso Delicias de Cabra Leche Pasteurizada EL PASTOR",
    "description": "Queso Delicias de Cabra Leche Pasteurizada",
    "category": "Quesos de Oveja",
    "url": "https://tienda.consum.es/es/p/queso-delicias-de-cabra-leche-pasteurizada/7190416",
    "price": 18.75,
    "reference_price": 18.75,
    "iva": 0,
    "reference_unit": "1 Kg",
    "date": "2023-01-17"
  },
  {
    "id": 13459,
    "name": "Lomo de Cebo de Campo 50% Raza Ibérica MONTARAZ",
    "description": "Lomo de Cebo de Campo 50% Raza Ibérica",
    "category": "Ibéricos",
    "url": "https://tienda.consum.es/es/p/lomo-de-cebo-de-campo-50-raza-iberica/7190940",
    "price": 42.5,
    "reference_price": 42.5,
    "iva": 10,
    "reference_unit": "1 Kg",
    "date": "2023-01-17"
  },
  {
    "id": 13461,
    "name": "Q. Light Barra de Vaca Pasteurizada de Pirineos CADI",
    "description": "Q. Light Barra de Vaca Pasteurizada de Pirineos",
    "category": "Barra y otros nacionales",
    "url": "https://tienda.consum.es/es/p/q-light-barra-de-vaca-pasteurizada-de-pirineos/7195407",
    "price": 11.44,
    "reference_price": 11.44,
    "iva": 0,
    "reference_unit": "1 Kg",
    "date": "2023-01-17"
  },
  {
    "id": 13463,
    "name": "Pierna de Cordero Entera ",
    "description": "Pierna de Cordero Entera",
    "category": "Cordero",
    "url": "https://tienda.consum.es/es/p/pierna-de-cordero-entera/7197940",
    "price": 23.28,
    "reference_price": 13.5,
    "iva": 10,
    "reference_unit": "1 Kg",
    "date": "2023-01-17"
  },
  {
    "id": 13467,
    "name": "Queso Oveja Añejo Leche Cruda 9 Meses G.BAQUERO",
    "description": "Queso Oveja Añejo Leche Cruda 9 Meses",
    "category": "Quesos Curados",
    "url": "https://tienda.consum.es/es/p/queso-oveja-anejo-leche-cruda-9-meses/7208424",
    "price": 19.13,
    "reference_price": 19.13,
    "iva": 0,
    "reference_unit": "1 Kg",
    "date": "2023-01-17"
  },
  {
    "id": 13470,
    "name": "Mortadela Siciliana Fina ELPOZO",
    "description": "Mortadela Siciliana Fina",
    "category": "Mortadela y chopped",
    "url": "https://tienda.consum.es/es/p/mortadela-siciliana-fina/7211675",
    "price": 7.99,
    "reference_price": 7.99,
    "iva": 10,
    "reference_unit": "1 Kg",
    "date": "2023-01-17"
  },
  {
    "id": 13471,
    "name": "Mortadela con Aceitunas ELPOZO",
    "description": "Mortadela con Aceitunas",
    "category": "Mortadela y chopped",
    "url": "https://tienda.consum.es/es/p/mortadela-con-aceitunas/7211683",
    "price": 7.99,
    "reference_price": 7.99,
    "iva": 10,
    "reference_unit": "1 Kg",
    "date": "2023-01-17"
  },
  {
    "id": 13472,
    "name": "Mortadela de Pavo con Aceitunas ELPOZO",
    "description": "Mortadela de Pavo con Aceitunas",
    "category": "Fiambres ave",
    "url": "https://tienda.consum.es/es/p/mortadela-de-pavo-con-aceitunas/7211688",
    "price": 9.99,
    "reference_price": 9.99,
    "iva": 10,
    "reference_unit": "1 Kg",
    "date": "2023-01-17"
  },
  {
    "id": 13488,
    "name": "Queso Reserva 12 Meses L. Pasteurizada Mezcla G.BAQUERO",
    "description": "Queso Reserva 12 Meses L. Pasteurizada Mezcla",
    "category": "Quesos Curados",
    "url": "https://tienda.consum.es/es/p/queso-reserva-12-meses-l-pasteurizada-mezcla/7221166",
    "price": 19.13,
    "reference_price": 19.13,
    "iva": 0,
    "reference_unit": "1 Kg",
    "date": "2023-01-17"
  },
  {
    "id": 13489,
    "name": "Bogavante Congel.375gr PVP Kilo Aproxim. 38,60¤ ",
    "description": "Bogavante Congel.375gr PVP Kilo Aproxim. 38,60¤ 1 U - Congelado",
    "category": "Marisco",
    "url": "https://tienda.consum.es/es/p/bogavante-congel375gr-pvp-kilo-aproxim-3860/7225340",
    "price": 14.5,
    "reference_price": 14.5,
    "iva": 10,
    "reference_unit": "1 U",
    "date": "2023-01-17"
  },
  {
    "id": 13492,
    "name": "Jamón G.Reserva Duroc Peso Aproximado 7,5 K LA HOGUERA",
    "description": "Jamón G.Reserva Duroc Peso Aproximado 7,5 K",
    "category": "Jamón",
    "url": "https://tienda.consum.es/es/p/jamon-greserva-duroc-peso-aproximado-75-k/7229735",
    "price": 70,
    "reference_price": 9.33,
    "iva": 10,
    "reference_unit": "1 Kg",
    "date": "2023-01-17"
  },
  {
    "id": 13493,
    "name": "Q.Mezcla La Cava Artes Leche Pasteurizada G.BAQUERO",
    "description": "Q.Mezcla La Cava Artes Leche Pasteurizada",
    "category": "Quesos de Oveja",
    "url": "https://tienda.consum.es/es/p/qmezcla-la-cava-artes-leche-pasteurizada/7230550",
    "price": 18.75,
    "reference_price": 18.75,
    "iva": 0,
    "reference_unit": "1 Kg",
    "date": "2023-01-17"
  },
  {
    "id": 13498,
    "name": "Salchichón Extra ROLFHO",
    "description": "Salchichón Extra",
    "category": "Salchichón y salami",
    "url": "https://tienda.consum.es/es/p/salchichon-extra/7241003",
    "price": 13.9,
    "reference_price": 13.9,
    "iva": 10,
    "reference_unit": "1 Kg",
    "date": "2023-01-17"
  },
  {
    "id": 13499,
    "name": "Burger Meat Entrecot de Aguja Unidad ",
    "description": "Burger Meat Entrecot de Aguja Unidad 120 Gr",
    "category": "Picadas y hamburguesas",
    "url": "https://tienda.consum.es/es/p/burger-meat-entrecot-de-aguja-unidad/7245447",
    "price": 1.85,
    "reference_price": 15.42,
    "iva": 10,
    "reference_unit": "1 Kg",
    "date": "2023-01-17"
  },
  {
    "id": 13501,
    "name": "Chorizo de Cantimpalos LA HOGUERA",
    "description": "Chorizo de Cantimpalos",
    "category": "Chorizo",
    "url": "https://tienda.consum.es/es/p/chorizo-de-cantimpalos/7246895",
    "price": 2.7,
    "reference_price": 15.9,
    "iva": 10,
    "reference_unit": "1 Kg",
    "date": "2023-01-17"
  },
  {
    "id": 13504,
    "name": "Mascarilla Repara y Protege KYREY",
    "description": "Mascarilla Repara y Protege 250 ml",
    "category": "Mascarillas cabello",
    "url": "https://tienda.consum.es/es/p/mascarilla-repara-y-protege/7252042",
    "price": 1.65,
    "reference_price": 0.66,
    "iva": 21,
    "reference_unit": "100 ml",
    "date": "2023-01-17"
  },
  {
    "id": 13506,
    "name": "Cola de Langostino Pelado y Cocido PESCANOVA",
    "description": "Cola de Langostino Pelado y Cocido 180 Gr",
    "category": "Pescados y mariscos",
    "url": "https://tienda.consum.es/es/p/cola-de-langostino-pelado-y-cocido/7255474",
    "price": 4.59,
    "reference_price": 25.5,
    "iva": 10,
    "reference_unit": "1 Kg",
    "date": "2023-01-17"
  },
  {
    "id": 13511,
    "name": "Costilla de Añojo ",
    "description": "Costilla de Añojo",
    "category": "Ternera y añojo",
    "url": "https://tienda.consum.es/es/p/costilla-de-anojo/7262033",
    "price": 2.19,
    "reference_price": 10.95,
    "iva": 10,
    "reference_unit": "1 Kg",
    "date": "2023-01-17"
  },
  {
    "id": 13514,
    "name": "Bacón 1/2 Pieza 5 M sin Lactosa MONELLS",
    "description": "Bacón 1/2 Pieza 5 M sin Lactosa",
    "category": "Bacon y panceta",
    "url": "https://tienda.consum.es/es/p/bacon-1/2-pieza-5-m-sin-lactosa/7266943",
    "price": 13.5,
    "reference_price": 13.5,
    "iva": 10,
    "reference_unit": "1 Kg",
    "date": "2023-01-17"
  },
  {
    "id": 13523,
    "name": "Vino Tinto Roble D.O.Ribera del Duero PORTIA",
    "description": "Vino Tinto Roble D.O.Ribera del Duero 0,75 L",
    "category": "Vinos d.o",
    "url": "https://tienda.consum.es/es/p/vino-tinto-roble-doribera-del-duero/7274111",
    "price": 7.39,
    "reference_price": 9.85,
    "iva": 21,
    "reference_unit": "1 L",
    "date": "2023-01-17"
  },
  {
    "id": 13529,
    "name": "Kinder Chocolate Caja de 16 Unidades KINDER",
    "description": "Kinder Chocolate Caja de 16 Unidades 200 Gr",
    "category": "Chocolatinas y bombones",
    "url": "https://tienda.consum.es/es/p/kinder-chocolate-caja-de-16-unidades/7159416",
    "price": 2.65,
    "reference_price": 13.25,
    "iva": 10,
    "reference_unit": "1 Kg",
    "date": "2023-01-17"
  },
  {
    "id": 13532,
    "name": "Guante Flocado Látex Rosa Talla Grande CONSUM",
    "description": "Guante Flocado Látex Rosa Talla Grande 1 U",
    "category": "Guantes domésticos",
    "url": "https://tienda.consum.es/es/p/guante-flocado-latex-rosa-talla-grande/7258742",
    "price": 0.9,
    "reference_price": 0.9,
    "iva": 21,
    "reference_unit": "1 U",
    "date": "2023-01-17"
  },
  {
    "id": 13533,
    "name": "Guante Satinado Sensible Látex T-Grande CONSUM",
    "description": "Guante Satinado Sensible Látex T-Grande 1 U",
    "category": "Guantes domésticos",
    "url": "https://tienda.consum.es/es/p/guante-satinado-sensible-latex-t-grande/7258759",
    "price": 0.7,
    "reference_price": 0.7,
    "iva": 21,
    "reference_unit": "1 U",
    "date": "2023-01-17"
  },
  {
    "id": 13540,
    "name": "Salsa Light Tarro HELLMANN'S",
    "description": "Salsa Light Tarro 430 ml",
    "category": "Mayonesa",
    "url": "https://tienda.consum.es/es/p/salsa-light-tarro/7271088",
    "price": 2.59,
    "reference_price": 6.02,
    "iva": 10,
    "reference_unit": "1 L",
    "date": "2023-01-17"
  },
  {
    "id": 13542,
    "name": "Blanco y Negro CONSUM",
    "description": "Blanco y Negro",
    "category": "Embutido",
    "url": "https://tienda.consum.es/es/p/blanco-y-negro/7273555",
    "price": 3.2,
    "reference_price": 7.99,
    "iva": 10,
    "reference_unit": "1 Kg",
    "date": "2023-01-17"
  },
  {
    "id": 13549,
    "name": "Bebida Avena Brik ALPRO",
    "description": "Bebida Avena Brik 1 L",
    "category": "Bebidas vegetales",
    "url": "https://tienda.consum.es/es/p/bebida-avena-brik/7275720",
    "price": 1.99,
    "reference_price": 1.99,
    "iva": 10,
    "reference_unit": "1 L",
    "date": "2023-01-17"
  },
  {
    "id": 13563,
    "name": "Acondicionador Bifásico Clásico KYREY",
    "description": "Acondicionador Bifásico Clásico 400 ml",
    "category": "Acondicionadores",
    "url": "https://tienda.consum.es/es/p/acondicionador-bifasico-clasico/7251978",
    "price": 2.45,
    "reference_price": 0.61,
    "iva": 21,
    "reference_unit": "100 ml",
    "date": "2023-01-17"
  },
  {
    "id": 13564,
    "name": "Cacao Instantáneo CONSUM",
    "description": "Cacao Instantáneo 1 Kg",
    "category": "Cacao soluble",
    "url": "https://tienda.consum.es/es/p/cacao-instantaneo/7252489",
    "price": 3.7,
    "reference_price": 3.7,
    "iva": 10,
    "reference_unit": "1 Kg",
    "date": "2023-01-17"
  },
  {
    "id": 13570,
    "name": "Galleta Digestive Avena Caja CONSUM",
    "description": "Galleta Digestive Avena Caja 425 Gr",
    "category": "Galletas saludables",
    "url": "https://tienda.consum.es/es/p/galleta-digestive-avena-caja/7271625",
    "price": 1.25,
    "reference_price": 2.94,
    "iva": 10,
    "reference_unit": "1 Kg",
    "date": "2023-01-17"
  },
  {
    "id": 13571,
    "name": "Pizza congelada Rústica Royale DR.OETKER",
    "description": "Pizza congelada Rústica Royale 575 Gr",
    "category": "Pizza congelada",
    "url": "https://tienda.consum.es/es/p/pizza-congelada-rustica-royale/7272537",
    "price": 5.89,
    "reference_price": 10.24,
    "iva": 10,
    "reference_unit": "1 Kg",
    "date": "2023-01-17"
  },
  {
    "id": 13580,
    "name": "Cerveza Export Lata AMBAR",
    "description": "Cerveza Export Lata 0,33 L",
    "category": "Nacional lata",
    "url": "https://tienda.consum.es/es/p/cerveza-export-lata/7276173",
    "price": 0.89,
    "reference_price": 2.7,
    "iva": 21,
    "reference_unit": "1 L",
    "date": "2023-01-17"
  },
  {
    "id": 13591,
    "name": "Cardo Bandeja ",
    "description": "Cardo Bandeja 500 Gr",
    "category": "Otras verduras",
    "url": "https://tienda.consum.es/es/p/cardo-bandeja/7019081",
    "price": 1.82,
    "reference_price": 3.64,
    "iva": 0,
    "reference_unit": "1 Kg",
    "date": "2023-01-17"
  },
  {
    "id": 13630,
    "name": "Compota de Manzana y Pera ",
    "description": "Compota de Manzana y Pera 400 Gr",
    "category": "Membrillos y compotas",
    "url": "https://tienda.consum.es/es/p/compota-de-manzana-y-pera/7191505",
    "price": 2.89,
    "reference_price": 7.23,
    "iva": 10,
    "reference_unit": "1 Kg",
    "date": "2023-01-17"
  },
  {
    "id": 13631,
    "name": "Compota de Manzana y Piña ",
    "description": "Compota de Manzana y Piña 400 Gr",
    "category": "Membrillos y compotas",
    "url": "https://tienda.consum.es/es/p/compota-de-manzana-y-pina/7191518",
    "price": 2.89,
    "reference_price": 7.23,
    "iva": 10,
    "reference_unit": "1 Kg",
    "date": "2023-01-17"
  },
  {
    "id": 13632,
    "name": "Compota de Manzana y Mango ",
    "description": "Compota de Manzana y Mango 400 Gr",
    "category": "Membrillos y compotas",
    "url": "https://tienda.consum.es/es/p/compota-de-manzana-y-mango/7191542",
    "price": 2.89,
    "reference_price": 7.23,
    "iva": 10,
    "reference_unit": "1 Kg",
    "date": "2023-01-17"
  },
  {
    "id": 13633,
    "name": "Filetes de Anchoa BRUIMAR",
    "description": "Filetes de Anchoa 170 Gr",
    "category": "Anchoas",
    "url": "https://tienda.consum.es/es/p/filetes-de-anchoa/7196496",
    "price": 9.65,
    "reference_price": 56.76,
    "iva": 10,
    "reference_unit": "1 Kg",
    "date": "2023-01-17"
  },
  {
    "id": 13647,
    "name": "Manzana Red Marlene Bandeja ",
    "description": "Manzana Red Marlene Bandeja 750 Gr",
    "category": "Manzana, pera y plátano",
    "url": "https://tienda.consum.es/es/p/manzana-red-marlene-bandeja/7232895",
    "price": 1.91,
    "reference_price": 2.55,
    "iva": 0,
    "reference_unit": "1 Kg",
    "date": "2023-01-17"
  },
  {
    "id": 13658,
    "name": "Loco's Mini White 8 Unidades CONSUM",
    "description": "Loco's Mini White 8 Unidades 160 Gr",
    "category": "Bollería industrial",
    "url": "https://tienda.consum.es/es/p/locos-mini-white-8-unidades/7268613",
    "price": 1.99,
    "reference_price": 12.44,
    "iva": 10,
    "reference_unit": "1 Kg",
    "date": "2023-01-17"
  },
  {
    "id": 13659,
    "name": "Loco's Mini Cacao 8 Unidades CONSUM",
    "description": "Loco's Mini Cacao 8 Unidades 155 Gr",
    "category": "Bollería industrial",
    "url": "https://tienda.consum.es/es/p/locos-mini-cacao-8-unidades/7268618",
    "price": 1.99,
    "reference_price": 12.84,
    "iva": 10,
    "reference_unit": "1 Kg",
    "date": "2023-01-17"
  },
  {
    "id": 13660,
    "name": "Rosquilletas Fibra CONSUM",
    "description": "Rosquilletas Fibra 2 x 80 Gr",
    "category": "Rosquilletas, picos y snacks",
    "url": "https://tienda.consum.es/es/p/rosquilletas-fibra/7271349",
    "price": 1.35,
    "reference_price": 8.44,
    "iva": 10,
    "reference_unit": "1 Kg",
    "date": "2023-01-17"
  },
  {
    "id": 13683,
    "name": "Mascarilla Facial Matificante GARNIER",
    "description": "Mascarilla Facial Matificante 1 U",
    "category": "Tratamiento",
    "url": "https://tienda.consum.es/es/p/mascarilla-facial-matificante/7276033",
    "price": 2.49,
    "reference_price": 2.49,
    "iva": 21,
    "reference_unit": "1 U",
    "date": "2023-01-17"
  },
  {
    "id": 13684,
    "name": "Mascarilla Facial Energizante GARNIER",
    "description": "Mascarilla Facial Energizante 1 U",
    "category": "Tratamiento",
    "url": "https://tienda.consum.es/es/p/mascarilla-facial-energizante/7276038",
    "price": 2.49,
    "reference_price": 2.49,
    "iva": 21,
    "reference_unit": "1 U",
    "date": "2023-01-17"
  },
  {
    "id": 13689,
    "name": "Jamón Cocido Lonchas Cuida-T Red.Sal CAMPOFRÍO",
    "description": "Jamón Cocido Lonchas Cuida-T Red.Sal 65 Gr",
    "category": "Jamón cocido - york",
    "url": "https://tienda.consum.es/es/p/jamon-cocido-lonchas-cuida-t-redsal/7276400",
    "price": 1,
    "reference_price": 15.38,
    "iva": 10,
    "reference_unit": "1 Kg",
    "date": "2023-01-17"
  },
  {
    "id": 13691,
    "name": "Pan de Molde de Avena DULCESOL",
    "description": "Pan de Molde de Avena 460 Gr",
    "category": "Con corteza",
    "url": "https://tienda.consum.es/es/p/pan-de-molde-de-avena/7276496",
    "price": 1.99,
    "reference_price": 4.33,
    "iva": 10,
    "reference_unit": "1 Kg",
    "date": "2023-01-17"
  },
  {
    "id": 13696,
    "name": "Col Rizada Pieza Peso Aproximado 1.200G ",
    "description": "Col Rizada Pieza Peso Aproximado 1.200G 1,2 Kg",
    "category": "Brócoli, col y coliflor",
    "url": "https://tienda.consum.es/es/p/col-rizada-pieza-peso-aproximado-1200g/998609",
    "price": 1.91,
    "reference_price": 1.59,
    "iva": 0,
    "reference_unit": "1 Kg",
    "date": "2023-01-17"
  },
  {
    "id": 13707,
    "name": "Compota de Manzana ",
    "description": "Compota de Manzana 400 Gr",
    "category": "Membrillos y compotas",
    "url": "https://tienda.consum.es/es/p/compota-de-manzana/7191521",
    "price": 2.89,
    "reference_price": 7.23,
    "iva": 10,
    "reference_unit": "1 Kg",
    "date": "2023-01-17"
  },
  {
    "id": 13708,
    "name": "Galleta María Oro Caja CUETARA",
    "description": "Galleta María Oro Caja 800 Gr",
    "category": "Desayuno y maría",
    "url": "https://tienda.consum.es/es/p/galleta-maria-oro-caja/7215569",
    "price": 4.49,
    "reference_price": 5.61,
    "iva": 10,
    "reference_unit": "1 Kg",
    "date": "2023-01-17"
  },
  {
    "id": 13730,
    "name": "Chicle Grageado Fresa Bote TRIDENT",
    "description": "Chicle Grageado Fresa Bote 82,6 Gr",
    "category": "Chicles, caramelos y gominolas",
    "url": "https://tienda.consum.es/es/p/chicle-grageado-fresa-bote/7273832",
    "price": 3.05,
    "reference_price": 36.92,
    "iva": 10,
    "reference_unit": "1 Kg",
    "date": "2023-01-17"
  },
  {
    "id": 13735,
    "name": "Judías Verdes Troceadas congeladas FINDUS",
    "description": "Judías Verdes Troceadas congeladas 400 Gr",
    "category": "Guisantes, judías y habas",
    "url": "https://tienda.consum.es/es/p/judias-verdes-troceadas-congeladas/7275006",
    "price": 2.16,
    "reference_price": 5.4,
    "iva": 0,
    "reference_unit": "1 Kg",
    "date": "2023-01-17"
  },
  {
    "id": 13740,
    "name": "Lonchas Pavo Cuida-T CAMPOFRÍO",
    "description": "Lonchas Pavo Cuida-T 65 Gr",
    "category": "Fiambres ave",
    "url": "https://tienda.consum.es/es/p/lonchas-pavo-cuida-t/7276371",
    "price": 1,
    "reference_price": 15.38,
    "iva": 10,
    "reference_unit": "1 Kg",
    "date": "2023-01-17"
  },
  {
    "id": 13749,
    "name": "Leche sin Lactosa 0% Desnatada Brik ASTURIANA",
    "description": "Leche sin Lactosa 0% Desnatada Brik 1 L",
    "category": "Desnatada",
    "url": "https://tienda.consum.es/es/p/leche-sin-lactosa-0-desnatada-brik/7277338",
    "price": 1.29,
    "reference_price": 1.29,
    "iva": 0,
    "reference_unit": "1 L",
    "date": "2023-01-17"
  },
  {
    "id": 13752,
    "name": "Garrofón Tierno Bandeja ",
    "description": "Garrofón Tierno Bandeja 200 Gr",
    "category": "Guisantes, habas y judías",
    "url": "https://tienda.consum.es/es/p/garrofon-tierno-bandeja/7277973",
    "price": 2.88,
    "reference_price": 14.4,
    "iva": 0,
    "reference_unit": "1 Kg",
    "date": "2023-01-17"
  },
  {
    "id": 13753,
    "name": "Castañas Granel ",
    "description": "Castañas Granel",
    "category": "Otros frutos secos",
    "url": "https://tienda.consum.es/es/p/castanas-granel/2680775",
    "price": 5.75,
    "reference_price": 5.75,
    "iva": 0,
    "reference_unit": "1 Kg",
    "date": "2023-01-17"
  },
  {
    "id": 13758,
    "name": "Boniato Blanco ",
    "description": "Boniato Blanco",
    "category": "Patatas, cebollas y ajos",
    "url": "https://tienda.consum.es/es/p/boniato-blanco/7061356",
    "price": 2.88,
    "reference_price": 2.88,
    "iva": 0,
    "reference_unit": "1 Kg",
    "date": "2023-01-17"
  },
  {
    "id": 13763,
    "name": "Mayonesa Tarro YBARRA",
    "description": "Mayonesa Tarro 450 ml",
    "category": "Mayonesa",
    "url": "https://tienda.consum.es/es/p/mayonesa-tarro/7209224",
    "price": 2.39,
    "reference_price": 5.31,
    "iva": 10,
    "reference_unit": "1 L",
    "date": "2023-01-17"
  },
  {
    "id": 13773,
    "name": "Pipa Calabaza Pelada Tostada Paquete CONSUM",
    "description": "Pipa Calabaza Pelada Tostada Paquete 150 Gr",
    "category": "Pipas",
    "url": "https://tienda.consum.es/es/p/pipa-calabaza-pelada-tostada-paquete/7271211",
    "price": 2.25,
    "reference_price": 15,
    "iva": 10,
    "reference_unit": "1 Kg",
    "date": "2023-01-17"
  },
  {
    "id": 13781,
    "name": "Compresa Discreet Extra AUSONIA",
    "description": "Compresa Discreet Extra 10 U",
    "category": "Compresas y protegeslips",
    "url": "https://tienda.consum.es/es/p/compresa-discreet-extra/7275626",
    "price": 4.39,
    "reference_price": 0.44,
    "iva": 10,
    "reference_unit": "1 U",
    "date": "2023-01-17"
  },
  {
    "id": 13782,
    "name": "Base Alisadora GIO GIOVANNI",
    "description": "Base Alisadora 30 ml",
    "category": "Rostro",
    "url": "https://tienda.consum.es/es/p/base-alisadora/7276025",
    "price": 8.99,
    "reference_price": 29.97,
    "iva": 21,
    "reference_unit": "100 ml",
    "date": "2023-01-17"
  },
  {
    "id": 13795,
    "name": "Arroz Albufera D.O. Valencia Saco TARTANA",
    "description": "Arroz Albufera D.O. Valencia Saco 1 Kg",
    "category": "Arroz",
    "url": "https://tienda.consum.es/es/p/arroz-albufera-do-valencia-saco/7277197",
    "price": 3.74,
    "reference_price": 3.74,
    "iva": 0,
    "reference_unit": "1 Kg",
    "date": "2023-01-17"
  },
  {
    "id": 13796,
    "name": "Batido Vainilla Pack de 6 Minibrik PULEVA",
    "description": "Batido Vainilla Pack de 6 Minibrik 6 x 200 ml",
    "category": "Batidos y cafés",
    "url": "https://tienda.consum.es/es/p/batido-vainilla-pack-de-6-minibrik/7277507",
    "price": 2.69,
    "reference_price": 2.24,
    "iva": 10,
    "reference_unit": "1 L",
    "date": "2023-01-17"
  },
  {
    "id": 13832,
    "name": "Champú Cabellos Teñidos KYREY",
    "description": "Champú Cabellos Teñidos 400 ml",
    "category": "Champú",
    "url": "https://tienda.consum.es/es/p/champu-cabellos-tenidos/7251999",
    "price": 1.7,
    "reference_price": 0.43,
    "iva": 21,
    "reference_unit": "100 ml",
    "date": "2023-01-17"
  },
  {
    "id": 13833,
    "name": "Champú Repara y Protege KYREY",
    "description": "Champú Repara y Protege 400 ml",
    "category": "Champú",
    "url": "https://tienda.consum.es/es/p/champu-repara-y-protege/7252018",
    "price": 1.7,
    "reference_price": 0.43,
    "iva": 21,
    "reference_unit": "100 ml",
    "date": "2023-01-17"
  },
  {
    "id": 13854,
    "name": "Smarties Mix In Sabor Vainilla NESTLE",
    "description": "Smarties Mix In Sabor Vainilla 2 x 128 Gr",
    "category": "Petit e infantiles",
    "url": "https://tienda.consum.es/es/p/smarties-mix-in-sabor-vainilla/7263275",
    "price": 1.99,
    "reference_price": 7.77,
    "iva": 10,
    "reference_unit": "1 Kg",
    "date": "2023-01-17"
  },
  {
    "id": 13871,
    "name": "Ginebra NORDÉS",
    "description": "Ginebra 0,7 L",
    "category": "Licores y vermouth",
    "url": "https://tienda.consum.es/es/p/ginebra/7276368",
    "price": 25.9,
    "reference_price": 37,
    "iva": 21,
    "reference_unit": "1 L",
    "date": "2023-01-17"
  },
  {
    "id": 13880,
    "name": "Café con Leche Tassimo Cápsulas MARCILLA",
    "description": "Café con Leche Tassimo Cápsulas 16 U",
    "category": "Café en cápsulas",
    "url": "https://tienda.consum.es/es/p/cafe-con-leche-tassimo-capsulas/7277309",
    "price": 5.3,
    "reference_price": 0.33,
    "iva": 10,
    "reference_unit": "1 U",
    "date": "2023-01-17"
  },
  {
    "id": 13881,
    "name": "Café Espresso Tassimo Cápsulas MARCILLA",
    "description": "Café Espresso Tassimo Cápsulas 16 U",
    "category": "Café en cápsulas",
    "url": "https://tienda.consum.es/es/p/cafe-espresso-tassimo-capsulas/7277320",
    "price": 5.3,
    "reference_price": 0.33,
    "iva": 10,
    "reference_unit": "1 U",
    "date": "2023-01-17"
  },
  {
    "id": 13888,
    "name": "Cacahuete Garrapiñado Doypack PRUNITA",
    "description": "Cacahuete Garrapiñado Doypack 130 Gr",
    "category": "Otros frutos secos",
    "url": "https://tienda.consum.es/es/p/cacahuete-garrapinado-doypack/7277663",
    "price": 1.19,
    "reference_price": 9.15,
    "iva": 10,
    "reference_unit": "1 Kg",
    "date": "2023-01-17"
  },
  {
    "id": 13889,
    "name": "Tarrito Solo Eco Pera y Manzana HERO",
    "description": "Tarrito Solo Eco Pera y Manzana 120 Gr",
    "category": "Alimentación infantil",
    "url": "https://tienda.consum.es/es/p/tarrito-solo-eco-pera-y-manzana/7277705",
    "price": 1.39,
    "reference_price": 11.58,
    "iva": 10,
    "reference_unit": "1 Kg",
    "date": "2023-01-17"
  },
  {
    "id": 13892,
    "name": "Bolsa Ropa Lavadora 40x50 cm D´EMILIA",
    "description": "Bolsa Ropa Lavadora 40x50 cm 1 U",
    "category": "Aditivos para el lavado",
    "url": "https://tienda.consum.es/es/p/bolsa-ropa-lavadora-40x50-cm/7278448",
    "price": 1.89,
    "reference_price": 1.89,
    "iva": 21,
    "reference_unit": "1 U",
    "date": "2023-01-17"
  },
  {
    "id": 13893,
    "name": "Ginebra Strawberry PREMIUM 38",
    "description": "Ginebra Strawberry 0,7 L",
    "category": "Licores y vermouth",
    "url": "https://tienda.consum.es/es/p/ginebra-strawberry/7278559",
    "price": 7.75,
    "reference_price": 11.07,
    "iva": 21,
    "reference_unit": "1 L",
    "date": "2023-01-17"
  },
  {
    "id": 13894,
    "name": "Ginebra Premium 38",
    "description": "Ginebra Premium 0,7 L",
    "category": "Licores y vermouth",
    "url": "https://tienda.consum.es/es/p/ginebra-premium/7278567",
    "price": 10.9,
    "reference_price": 15.57,
    "iva": 21,
    "reference_unit": "1 L",
    "date": "2023-01-17"
  },
  {
    "id": 13895,
    "name": "Licor Crema de Arroz HUERTA ONDA",
    "description": "Licor Crema de Arroz 0,7 L",
    "category": "Licores y vermouth",
    "url": "https://tienda.consum.es/es/p/licor-crema-de-arroz/7278575",
    "price": 6.6,
    "reference_price": 9.43,
    "iva": 21,
    "reference_unit": "1 L",
    "date": "2023-01-17"
  },
  {
    "id": 13907,
    "name": "Lavaparabrisas al 7% AUTOBRILL",
    "description": "Lavaparabrisas al 7% 2 L",
    "category": "Otros limpiadores específicos",
    "url": "https://tienda.consum.es/es/p/lavaparabrisas-al-7/7154081",
    "price": 2.5,
    "reference_price": 1.25,
    "iva": 21,
    "reference_unit": "1 L",
    "date": "2023-01-17"
  },
  {
    "id": 13913,
    "name": "Limpiasalpicaderos AUTOBRILL",
    "description": "Limpiasalpicaderos 250 ml",
    "category": "Otros limpiadores específicos",
    "url": "https://tienda.consum.es/es/p/limpiasalpicaderos/7197556",
    "price": 2.99,
    "reference_price": 11.96,
    "iva": 21,
    "reference_unit": "1 L",
    "date": "2023-01-17"
  },
  {
    "id": 13922,
    "name": "Pizza Pepperoni TARRADELLAS",
    "description": "Pizza Pepperoni 400 Gr",
    "category": "Pizza refrigerada",
    "url": "https://tienda.consum.es/es/p/pizza-pepperoni/7250616",
    "price": 3.19,
    "reference_price": 7.98,
    "iva": 10,
    "reference_unit": "1 Kg",
    "date": "2023-01-17"
  },
  {
    "id": 13944,
    "name": "Cebolla Crujiente Paquete FLORETTE",
    "description": "Cebolla Crujiente Paquete 70 Gr",
    "category": "Toppings ensaladas",
    "url": "https://tienda.consum.es/es/p/cebolla-crujiente-paquete/7278435",
    "price": 1.29,
    "reference_price": 18.43,
    "iva": 10,
    "reference_unit": "1 Kg",
    "date": "2023-01-17"
  },
  {
    "id": 13945,
    "name": "Vodka Premium SHARUSKA",
    "description": "Vodka Premium 0,7 L",
    "category": "Licores y vermouth",
    "url": "https://tienda.consum.es/es/p/vodka-premium/7278534",
    "price": 10.9,
    "reference_price": 15.57,
    "iva": 21,
    "reference_unit": "1 L",
    "date": "2023-01-17"
  },
  {
    "id": 13946,
    "name": "Frutos Rojos y Mango Paquete FLORETTE",
    "description": "Frutos Rojos y Mango Paquete 55 Gr",
    "category": "Toppings ensaladas",
    "url": "https://tienda.consum.es/es/p/frutos-rojos-y-mango-paquete/7278542",
    "price": 1.75,
    "reference_price": 31.82,
    "iva": 10,
    "reference_unit": "1 Kg",
    "date": "2023-01-17"
  },
  {
    "id": 13947,
    "name": "Frutos Secos Especial Ensaladas FLORETTE",
    "description": "Frutos Secos Especial Ensaladas 70 Gr",
    "category": "Toppings ensaladas",
    "url": "https://tienda.consum.es/es/p/frutos-secos-especial-ensaladas/7278547",
    "price": 1.75,
    "reference_price": 25,
    "iva": 10,
    "reference_unit": "1 Kg",
    "date": "2023-01-17"
  },
  {
    "id": 13948,
    "name": "Picatostes Ajo Finas Hierbas Paquet FLORETTE",
    "description": "Picatostes Ajo Finas Hierbas Paquet 70 Gr",
    "category": "Toppings ensaladas",
    "url": "https://tienda.consum.es/es/p/picatostes-ajo-finas-hierbas-paquet/7278554",
    "price": 1.29,
    "reference_price": 18.43,
    "iva": 10,
    "reference_unit": "1 Kg",
    "date": "2023-01-17"
  },
  {
    "id": 13949,
    "name": "Picatostes César Paquete FLORETTE",
    "description": "Picatostes César Paquete 70 Gr",
    "category": "Toppings ensaladas",
    "url": "https://tienda.consum.es/es/p/picatostes-cesar-paquete/7278562",
    "price": 1.29,
    "reference_price": 18.43,
    "iva": 10,
    "reference_unit": "1 Kg",
    "date": "2023-01-17"
  },
  {
    "id": 13950,
    "name": "Picatostes Natural Paquete FLORETTE",
    "description": "Picatostes Natural Paquete 65 Gr",
    "category": "Toppings ensaladas",
    "url": "https://tienda.consum.es/es/p/picatostes-natural-paquete/7278570",
    "price": 1.29,
    "reference_price": 19.85,
    "iva": 10,
    "reference_unit": "1 Kg",
    "date": "2023-01-17"
  },
  {
    "id": 13954,
    "name": "Tarta Tiramisú MELS",
    "description": "Tarta Tiramisú 200 Gr",
    "category": "Bollería industrial",
    "url": "https://tienda.consum.es/es/p/tarta-tiramisu/7278794",
    "price": 1.39,
    "reference_price": 6.95,
    "iva": 10,
    "reference_unit": "1 Kg",
    "date": "2023-01-17"
  },
  {
    "id": 13961,
    "name": "Naranja Bollo Granel BOLLO",
    "description": "Naranja Bollo Granel",
    "category": "Cítricos",
    "url": "https://tienda.consum.es/es/p/naranja-bollo-granel/7102783",
    "price": 0.54,
    "reference_price": 1.91,
    "iva": 0,
    "reference_unit": "1 Kg",
    "date": "2023-01-17"
  },
  {
    "id": 13976,
    "name": "BB Cream Color Natural KYREY",
    "description": "BB Cream Color Natural 35 ml",
    "category": "Hidratación",
    "url": "https://tienda.consum.es/es/p/bb-cream-color-natural/7261423",
    "price": 3.5,
    "reference_price": 10,
    "iva": 21,
    "reference_unit": "100 ml",
    "date": "2023-01-17"
  },
  {
    "id": 13977,
    "name": "BB Cream Color Bronceado KYREY",
    "description": "BB Cream Color Bronceado 35 ml",
    "category": "Hidratación",
    "url": "https://tienda.consum.es/es/p/bb-cream-color-bronceado/7261428",
    "price": 3.5,
    "reference_price": 10,
    "iva": 21,
    "reference_unit": "100 ml",
    "date": "2023-01-17"
  },
  {
    "id": 13978,
    "name": "Edulcorante Líquido CONSUM",
    "description": "Edulcorante Líquido 300 ml",
    "category": "Edulcorantes",
    "url": "https://tienda.consum.es/es/p/edulcorante-liquido/7263759",
    "price": 1.59,
    "reference_price": 5.3,
    "iva": 10,
    "reference_unit": "1 L",
    "date": "2023-01-17"
  },
  {
    "id": 13980,
    "name": "Protector Labial Protección SPF 30 PHARMADOCT",
    "description": "Protector Labial Protección SPF 30 1 U",
    "category": "Protector labial",
    "url": "https://tienda.consum.es/es/p/protector-labial-proteccion-spf-30/7272722",
    "price": 2.35,
    "reference_price": 2.35,
    "iva": 21,
    "reference_unit": "1 U",
    "date": "2023-01-17"
  },
  {
    "id": 13981,
    "name": "Petit para Llevar Sabor Fresa Pack de 4 U CONSUM KIDS",
    "description": "Petit para Llevar Sabor Fresa Pack de 4 U 4 x 80 Gr",
    "category": "Petit e infantiles",
    "url": "https://tienda.consum.es/es/p/petit-para-llevar-sabor-fresa-pack-de-4-u/7275753",
    "price": 1.49,
    "reference_price": 4.66,
    "iva": 0,
    "reference_unit": "1 Kg",
    "date": "2023-01-17"
  },
  {
    "id": 13991,
    "name": "Ajo Negro Envejecido NATURTIERRA",
    "description": "Ajo Negro Envejecido 20 U",
    "category": "Fitoterapia",
    "url": "https://tienda.consum.es/es/p/ajo-negro-envejecido/7277879",
    "price": 5.99,
    "reference_price": 0.3,
    "iva": 10,
    "reference_unit": "1 U",
    "date": "2023-01-17"
  },
  {
    "id": 14005,
    "name": "Triptófano NATURTIERRA",
    "description": "Triptófano 30 U",
    "category": "Fitoterapia",
    "url": "https://tienda.consum.es/es/p/triptofano/7278414",
    "price": 5.99,
    "reference_price": 0.2,
    "iva": 10,
    "reference_unit": "1 U",
    "date": "2023-01-17"
  },
  {
    "id": 14032,
    "name": "Zanahoria Manojo ",
    "description": "Zanahoria Manojo 700 Gr",
    "category": "Zanahorias y otras raíces",
    "url": "https://tienda.consum.es/es/p/zanahoria-manojo/7214976",
    "price": 1.82,
    "reference_price": 2.6,
    "iva": 0,
    "reference_unit": "1 Kg",
    "date": "2023-01-17"
  },
  {
    "id": 14042,
    "name": "Crema Suavizante Repara y Protege KYREY",
    "description": "Crema Suavizante Repara y Protege 300 ml",
    "category": "Acondicionadores",
    "url": "https://tienda.consum.es/es/p/crema-suavizante-repara-y-protege/7252021",
    "price": 1.35,
    "reference_price": 0.45,
    "iva": 21,
    "reference_unit": "100 ml",
    "date": "2023-01-17"
  },
  {
    "id": 14047,
    "name": "Rellenito Fresa-Nata sin Gluten FINI",
    "description": "Rellenito Fresa-Nata sin Gluten 80 Gr",
    "category": "Chicles, caramelos y gominolas",
    "url": "https://tienda.consum.es/es/p/rellenito-fresa-nata-sin-gluten/7274376",
    "price": 1.35,
    "reference_price": 18,
    "iva": 10,
    "reference_unit": "1 Kg",
    "date": "2023-01-17"
  },
  {
    "id": 14048,
    "name": "Cepillo de Baño con Mango PONETTE",
    "description": "Cepillo de Baño con Mango 1 U",
    "category": "Accesorios y complementos",
    "url": "https://tienda.consum.es/es/p/cepillo-de-bano-con-mango/7274926",
    "price": 2.99,
    "reference_price": 2.99,
    "iva": 21,
    "reference_unit": "1 U",
    "date": "2023-01-17"
  },
  {
    "id": 14056,
    "name": "Ketchup Ecológico Bote HEINZ",
    "description": "Ketchup Ecológico Bote 580 Gr",
    "category": "Ketchup",
    "url": "https://tienda.consum.es/es/p/ketchup-ecologico-bote/7277189",
    "price": 4.19,
    "reference_price": 7.22,
    "iva": 10,
    "reference_unit": "1 Kg",
    "date": "2023-01-17"
  },
  {
    "id": 14062,
    "name": "Colas de Gamba Rebozadas congeladas COCINARTE",
    "description": "Colas de Gamba Rebozadas congeladas 200 Gr",
    "category": "Platos preparados",
    "url": "https://tienda.consum.es/es/p/colas-de-gamba-rebozadas-congeladas/7278021",
    "price": 3.15,
    "reference_price": 15.75,
    "iva": 10,
    "reference_unit": "1 Kg",
    "date": "2023-01-17"
  },
  {
    "id": 14075,
    "name": "Surtido de Pastas Caja E.MORENO",
    "description": "Surtido de Pastas Caja 400 Gr",
    "category": "Galletas",
    "url": "https://tienda.consum.es/es/p/surtido-de-pastas-caja/7278930",
    "price": 2.49,
    "reference_price": 6.23,
    "iva": 10,
    "reference_unit": "1 Kg",
    "date": "2023-01-17"
  },
  {
    "id": 14082,
    "name": "Coco Natural Troceado ",
    "description": "Coco Natural Troceado 80 Gr",
    "category": "Fruta tropical",
    "url": "https://tienda.consum.es/es/p/coco-natural-troceado/7144652",
    "price": 1.34,
    "reference_price": 16.75,
    "iva": 0,
    "reference_unit": "1 Kg",
    "date": "2023-01-17"
  },
  {
    "id": 14088,
    "name": "Nubes Bicolor CONSUM",
    "description": "Nubes Bicolor 100 Gr",
    "category": "Chicles, caramelos y gominolas",
    "url": "https://tienda.consum.es/es/p/nubes-bicolor/7243785",
    "price": 0.5,
    "reference_price": 5,
    "iva": 10,
    "reference_unit": "1 Kg",
    "date": "2023-01-17"
  },
  {
    "id": 14089,
    "name": "Ositos de Goma CONSUM",
    "description": "Ositos de Goma 150 Gr",
    "category": "Chicles, caramelos y gominolas",
    "url": "https://tienda.consum.es/es/p/ositos-de-goma/7243793",
    "price": 0.69,
    "reference_price": 4.6,
    "iva": 10,
    "reference_unit": "1 Kg",
    "date": "2023-01-17"
  },
  {
    "id": 14090,
    "name": "Surtido Goma Brillo CONSUM",
    "description": "Surtido Goma Brillo 150 Gr",
    "category": "Chicles, caramelos y gominolas",
    "url": "https://tienda.consum.es/es/p/surtido-goma-brillo/7243806",
    "price": 0.69,
    "reference_price": 4.6,
    "iva": 10,
    "reference_unit": "1 Kg",
    "date": "2023-01-17"
  },
  {
    "id": 14093,
    "name": "Gel Dermo Familiar KYREY",
    "description": "Gel Dermo Familiar 1000 ml",
    "category": "Gel de baño",
    "url": "https://tienda.consum.es/es/p/gel-dermo-familiar/7252062",
    "price": 1,
    "reference_price": 0.1,
    "iva": 21,
    "reference_unit": "100 ml",
    "date": "2023-01-17"
  },
  {
    "id": 14103,
    "name": "Chocolate Negro 72% Cacao sin Azúcar CONSUM",
    "description": "Chocolate Negro 72% Cacao sin Azúcar 100 Gr",
    "category": "Tabletas",
    "url": "https://tienda.consum.es/es/p/chocolate-negro-72-cacao-sin-azucar/7271849",
    "price": 1.39,
    "reference_price": 13.9,
    "iva": 10,
    "reference_unit": "1 Kg",
    "date": "2023-01-17"
  },
  {
    "id": 14106,
    "name": "Vino Tinto Vendimia Seleccionada D.O.Rioja CAMPO VIEJO",
    "description": "Vino Tinto Vendimia Seleccionada D.O.Rioja 0,75 L",
    "category": "Vinos d.o",
    "url": "https://tienda.consum.es/es/p/vino-tinto-vendimia-seleccionada-dorioja/7275550",
    "price": 6.25,
    "reference_price": 8.33,
    "iva": 21,
    "reference_unit": "1 L",
    "date": "2023-01-17"
  },
  {
    "id": 14179,
    "name": "Almendra con Cáscara Tostada Bolsa ",
    "description": "Almendra con Cáscara Tostada Bolsa 250 Gr",
    "category": "Almendras",
    "url": "https://tienda.consum.es/es/p/almendra-con-cascara-tostada-bolsa/7278729",
    "price": 3.25,
    "reference_price": 13,
    "iva": 10,
    "reference_unit": "1 Kg",
    "date": "2023-01-17"
  },
  {
    "id": 14183,
    "name": "Anchoa en Aceite Oliva Tripack BRUIMAR",
    "description": "Anchoa en Aceite Oliva Tripack 3 x 23 Gr",
    "category": "Anchoas",
    "url": "https://tienda.consum.es/es/p/anchoa-en-aceite-oliva-tripack/7279714",
    "price": 2.65,
    "reference_price": 38.41,
    "iva": 10,
    "reference_unit": "1 Kg",
    "date": "2023-01-17"
  },
  {
    "id": 14186,
    "name": "Aceite Oliva Virgen Extra Primera Cosecha CONSUM",
    "description": "Aceite Oliva Virgen Extra Primera Cosecha 500 ml",
    "category": "Aceite y vinagre",
    "url": "https://tienda.consum.es/es/p/aceite-oliva-virgen-extra-primera-cosecha/7279979",
    "price": 4.73,
    "reference_price": 9.46,
    "iva": 5,
    "reference_unit": "1 L",
    "date": "2023-01-17"
  },
  {
    "id": 14201,
    "name": "Rulito de Queso con Papaya GRANJA RINYA",
    "description": "Rulito de Queso con Papaya 85 Gr",
    "category": "Brie, camembert y cremosos",
    "url": "https://tienda.consum.es/es/p/rulito-de-queso-con-papaya/7225084",
    "price": 1.85,
    "reference_price": 21.76,
    "iva": 4,
    "reference_unit": "1 Kg",
    "date": "2023-01-17"
  },
  {
    "id": 14219,
    "name": "Colutorio Bucal LACER",
    "description": "Colutorio Bucal 500 ml",
    "category": "Antisépticos y enjuagues",
    "url": "https://tienda.consum.es/es/p/colutorio-bucal/7233919",
    "price": 7.99,
    "reference_price": 1.6,
    "iva": 21,
    "reference_unit": "100 ml",
    "date": "2023-01-17"
  },
  {
    "id": 14220,
    "name": "Colutorio Bucal Oro LACER",
    "description": "Colutorio Bucal Oro 500 ml",
    "category": "Antisépticos y enjuagues",
    "url": "https://tienda.consum.es/es/p/colutorio-bucal-oro/7233930",
    "price": 8.99,
    "reference_price": 1.8,
    "iva": 21,
    "reference_unit": "100 ml",
    "date": "2023-01-17"
  },
  {
    "id": 14221,
    "name": "Pasta Dental Oro LACER",
    "description": "Pasta Dental Oro 125 ml",
    "category": "Dentífricos",
    "url": "https://tienda.consum.es/es/p/pasta-dental-oro/7233935",
    "price": 6.99,
    "reference_price": 5.59,
    "iva": 21,
    "reference_unit": "100 ml",
    "date": "2023-01-17"
  },
  {
    "id": 14223,
    "name": "Colutorio Rojo ORALDINE",
    "description": "Colutorio Rojo 400 ml",
    "category": "Antisépticos y enjuagues",
    "url": "https://tienda.consum.es/es/p/colutorio-rojo/7233950",
    "price": 7.99,
    "reference_price": 2,
    "iva": 21,
    "reference_unit": "100 ml",
    "date": "2023-01-17"
  },
  {
    "id": 14225,
    "name": "Champú Anticaspa Dermo Capilar EUCERIN",
    "description": "Champú Anticaspa Dermo Capilar 250 ml",
    "category": "Anticaspa y anticaída",
    "url": "https://tienda.consum.es/es/p/champu-anticaspa-dermo-capilar/7233963",
    "price": 11.5,
    "reference_price": 4.6,
    "iva": 21,
    "reference_unit": "100 ml",
    "date": "2023-01-17"
  },
  {
    "id": 14227,
    "name": "Gel de Baño PH5 EUCERIN",
    "description": "Gel de Baño PH5 1000 ml",
    "category": "Gel de baño",
    "url": "https://tienda.consum.es/es/p/gel-de-bano-ph5/7233976",
    "price": 19.5,
    "reference_price": 1.95,
    "iva": 21,
    "reference_unit": "100 ml",
    "date": "2023-01-17"
  },
  {
    "id": 14230,
    "name": "Loción Corporal PH5 EUCERIN",
    "description": "Loción Corporal PH5 400 ml",
    "category": "Body-lociones",
    "url": "https://tienda.consum.es/es/p/locion-corporal-ph5/7234008",
    "price": 17.5,
    "reference_price": 4.38,
    "iva": 21,
    "reference_unit": "100 ml",
    "date": "2023-01-17"
  },
  {
    "id": 14232,
    "name": "Anti-Estrías BIO OIL",
    "description": "Anti-Estrías 60 ml",
    "category": "Body-lociones",
    "url": "https://tienda.consum.es/es/p/anti-estrias/7234078",
    "price": 8.99,
    "reference_price": 14.98,
    "iva": 21,
    "reference_unit": "100 ml",
    "date": "2023-01-17"
  },
  {
    "id": 14233,
    "name": "Champú Pilexil Anticaída LACER",
    "description": "Champú Pilexil Anticaída 300 ml",
    "category": "Anticaspa y anticaída",
    "url": "https://tienda.consum.es/es/p/champu-pilexil-anticaida/7234081",
    "price": 11.99,
    "reference_price": 4,
    "iva": 21,
    "reference_unit": "100 ml",
    "date": "2023-01-17"
  },
  {
    "id": 14234,
    "name": "Gel Hidratante Vaginal VAGISIL",
    "description": "Gel Hidratante Vaginal 30 ml",
    "category": "Aseo íntimo",
    "url": "https://tienda.consum.es/es/p/gel-hidratante-vaginal/7234086",
    "price": 9.45,
    "reference_price": 31.5,
    "iva": 21,
    "reference_unit": "100 ml",
    "date": "2023-01-17"
  },
  {
    "id": 14235,
    "name": "Crema Manos con Perfume NEUTROGENA",
    "description": "Crema Manos con Perfume 50 ml",
    "category": "Cremas de manos",
    "url": "https://tienda.consum.es/es/p/crema-manos-con-perfume/7234094",
    "price": 6.99,
    "reference_price": 13.98,
    "iva": 21,
    "reference_unit": "100 ml",
    "date": "2023-01-17"
  },
  {
    "id": 14238,
    "name": "Crema Pies Ultra Hidratante NEUTROGENA",
    "description": "Crema Pies Ultra Hidratante 100 ml",
    "category": "Crema de pies",
    "url": "https://tienda.consum.es/es/p/crema-pies-ultra-hidratante/7234107",
    "price": 8.99,
    "reference_price": 8.99,
    "iva": 21,
    "reference_unit": "100 ml",
    "date": "2023-01-17"
  },
  {
    "id": 14242,
    "name": "Gotas Humectantes Hidratan y Refrescan SENTI-2",
    "description": "Gotas Humectantes Hidratan y Refrescan 10 ml",
    "category": "Otros",
    "url": "https://tienda.consum.es/es/p/gotas-humectantes-hidratan-y-refrescan/7234151",
    "price": 5.99,
    "reference_price": 59.9,
    "iva": 21,
    "reference_unit": "100 ml",
    "date": "2023-01-17"
  },
  {
    "id": 14243,
    "name": "Bálsamo Labial Tarro CARMEX",
    "description": "Bálsamo Labial Tarro 7,5 Gr",
    "category": "Protector labial",
    "url": "https://tienda.consum.es/es/p/balsamo-labial-tarro/7234156",
    "price": 3.99,
    "reference_price": 53.2,
    "iva": 21,
    "reference_unit": "100 Gr",
    "date": "2023-01-17"
  },
  {
    "id": 14245,
    "name": "Crema Fijadora Prótesis Extra Fuerte sin Sabor COREGA",
    "description": "Crema Fijadora Prótesis Extra Fuerte sin Sabor 70 ml",
    "category": "Productos protésicos",
    "url": "https://tienda.consum.es/es/p/crema-fijadora-protesis-extra-fuerte-sin-sabor/7236073",
    "price": 13.5,
    "reference_price": 192.86,
    "iva": 10,
    "reference_unit": "1 Kg",
    "date": "2023-01-17"
  },
  {
    "id": 14251,
    "name": "Enjuague Bucal Herbal PARODONTAX",
    "description": "Enjuague Bucal Herbal 500 ml",
    "category": "Antisépticos y enjuagues",
    "url": "https://tienda.consum.es/es/p/enjuague-bucal-herbal/7236128",
    "price": 8.79,
    "reference_price": 1.76,
    "iva": 21,
    "reference_unit": "100 ml",
    "date": "2023-01-17"
  },
  {
    "id": 14252,
    "name": "Cepillo Dental PARODONTAX",
    "description": "Cepillo Dental 1 U",
    "category": "Cepillos de dientes",
    "url": "https://tienda.consum.es/es/p/cepillo-dental/7236136",
    "price": 3.45,
    "reference_price": 3.45,
    "iva": 21,
    "reference_unit": "1 U",
    "date": "2023-01-17"
  },
  {
    "id": 14253,
    "name": "Pasta Dental Duplo LACER",
    "description": "Pasta Dental Duplo 2 x 125 ml",
    "category": "Dentífricos",
    "url": "https://tienda.consum.es/es/p/pasta-dental-duplo/7238244",
    "price": 9.59,
    "reference_price": 3.84,
    "iva": 21,
    "reference_unit": "100 ml",
    "date": "2023-01-17"
  },
  {
    "id": 14257,
    "name": "Mix Azucarado CONSUM",
    "description": "Mix Azucarado 150 Gr",
    "category": "Chicles, caramelos y gominolas",
    "url": "https://tienda.consum.es/es/p/mix-azucarado/7243801",
    "price": 0.85,
    "reference_price": 5.67,
    "iva": 10,
    "reference_unit": "1 Kg",
    "date": "2023-01-17"
  },
  {
    "id": 14261,
    "name": "Vaselina SENTI-2",
    "description": "Vaselina 20 Gr",
    "category": "Otros",
    "url": "https://tienda.consum.es/es/p/vaselina/7250897",
    "price": 1.99,
    "reference_price": 1.99,
    "iva": 21,
    "reference_unit": "1 U",
    "date": "2023-01-17"
  },
  {
    "id": 14264,
    "name": "Duplo Pasta Bifluore FLUOCARIL",
    "description": "Duplo Pasta Bifluore 2 x 125 ml",
    "category": "Dentífricos",
    "url": "https://tienda.consum.es/es/p/duplo-pasta-bifluore/7255102",
    "price": 8.99,
    "reference_price": 3.6,
    "iva": 21,
    "reference_unit": "100 ml",
    "date": "2023-01-17"
  },
  {
    "id": 14274,
    "name": "Oleogel Ducha EUCERIN",
    "description": "Oleogel Ducha 400 ml",
    "category": "Gel de baño",
    "url": "https://tienda.consum.es/es/p/oleogel-ducha/7263452",
    "price": 14.99,
    "reference_price": 3.75,
    "iva": 21,
    "reference_unit": "100 ml",
    "date": "2023-01-17"
  },
  {
    "id": 14277,
    "name": "Pack Gel Dermatológico INIBSA",
    "description": "Pack Gel Dermatológico",
    "category": "Gel de baño",
    "url": "https://tienda.consum.es/es/p/pack-gel-dermatologico/7263499",
    "price": 6.99,
    "reference_price": 0.35,
    "iva": 21,
    "reference_unit": "100 ml",
    "date": "2023-01-17"
  },
  {
    "id": 14283,
    "name": "Café Senseo Fuerte Monodosis MARCILLA",
    "description": "Café Senseo Fuerte Monodosis 28 U",
    "category": "Café en cápsulas",
    "url": "https://tienda.consum.es/es/p/cafe-senseo-fuerte-monodosis/7272057",
    "price": 4.69,
    "reference_price": 0.17,
    "iva": 10,
    "reference_unit": "1 U",
    "date": "2023-01-17"
  },
  {
    "id": 14286,
    "name": "Limpia Biberones y Tetinas Eco FROSCH",
    "description": "Limpia Biberones y Tetinas Eco 500 ml",
    "category": "Puericultura",
    "url": "https://tienda.consum.es/es/p/limpia-biberones-y-tetinas-eco/7273118",
    "price": 3.1,
    "reference_price": 0.62,
    "iva": 21,
    "reference_unit": "100 ml",
    "date": "2023-01-17"
  },
  {
    "id": 14288,
    "name": "Salchicha Rica en Pavo 1 Kilogramo VITALITY",
    "description": "Salchicha Rica en Pavo 1 Kilogramo 1 U",
    "category": "Húmedo",
    "url": "https://tienda.consum.es/es/p/salchicha-rica-en-pavo-1-kilogramo/7274231",
    "price": 1.75,
    "reference_price": 1.75,
    "iva": 10,
    "reference_unit": "1 U",
    "date": "2023-01-17"
  },
  {
    "id": 14289,
    "name": "Salchicha Rica en Buey 1 Kilogramo VITALITY",
    "description": "Salchicha Rica en Buey 1 Kilogramo 1 U",
    "category": "Húmedo",
    "url": "https://tienda.consum.es/es/p/salchicha-rica-en-buey-1-kilogramo/7274251",
    "price": 1.75,
    "reference_price": 1.75,
    "iva": 10,
    "reference_unit": "1 U",
    "date": "2023-01-17"
  },
  {
    "id": 14309,
    "name": "Preparado cocinar Vegetal Soja ALPRO",
    "description": "Preparado cocinar Vegetal Soja 250 ml",
    "category": "Nata para cocinar",
    "url": "https://tienda.consum.es/es/p/preparado-cocinar-vegetal-soja/7279511",
    "price": 1.75,
    "reference_price": 7,
    "iva": 10,
    "reference_unit": "1 L",
    "date": "2023-01-17"
  },
  {
    "id": 14311,
    "name": "Chapelas Zebra 3 Unidades DULCESOL",
    "description": "Chapelas Zebra 3 Unidades 135 Gr",
    "category": "Bollería industrial",
    "url": "https://tienda.consum.es/es/p/chapelas-zebra-3-unidades/7279719",
    "price": 1,
    "reference_price": 7.41,
    "iva": 10,
    "reference_unit": "1 Kg",
    "date": "2023-01-17"
  },
  {
    "id": 14313,
    "name": "Huevo XL Jumbo 1/2 Docena MONTERDE",
    "description": "Huevo XL Jumbo 1/2 Docena 0,5 Dc",
    "category": "Huevos",
    "url": "https://tienda.consum.es/es/p/huevo-xl-jumbo-1/2-docena/7279917",
    "price": 2.02,
    "reference_price": 4.04,
    "iva": 0,
    "reference_unit": "1 Dc",
    "date": "2023-01-17"
  },
  {
    "id": 14318,
    "name": "Vinto Tinto D.O.Jumilla CASA ERMITA",
    "description": "Vinto Tinto D.O.Jumilla 0,75 L",
    "category": "Vinos d.o",
    "url": "https://tienda.consum.es/es/p/vinto-tinto-dojumilla/7180250",
    "price": 3.15,
    "reference_price": 4.2,
    "iva": 21,
    "reference_unit": "1 L",
    "date": "2023-01-17"
  },
  {
    "id": 14326,
    "name": "Rosquilletas con Chocolate VELARTE",
    "description": "Rosquilletas con Chocolate 80 Gr",
    "category": "Rosquilletas, picos y snacks",
    "url": "https://tienda.consum.es/es/p/rosquilletas-con-chocolate/7277288",
    "price": 1.09,
    "reference_price": 13.63,
    "iva": 10,
    "reference_unit": "1 Kg",
    "date": "2023-01-17"
  },
  {
    "id": 14329,
    "name": "Recambio Ambientador Eléctrico Flor AIR WICK",
    "description": "Recambio Ambientador Eléctrico Flor 1 U",
    "category": "Eléctricos y automáticos",
    "url": "https://tienda.consum.es/es/p/recambio-ambientador-electrico-flor/7279573",
    "price": 4.99,
    "reference_price": 4.99,
    "iva": 21,
    "reference_unit": "1 U",
    "date": "2023-01-17"
  },
  {
    "id": 14332,
    "name": "Pepinillo Agridulce Bote BERNAL",
    "description": "Pepinillo Agridulce Bote 400 Gr",
    "category": "Pepinillos",
    "url": "https://tienda.consum.es/es/p/pepinillo-agridulce-bote/7279941",
    "price": 1.95,
    "reference_price": 4.88,
    "iva": 10,
    "reference_unit": "1 Kg",
    "date": "2023-01-17"
  },
  {
    "id": 14335,
    "name": "Preparado Lácteo Max con Cacao y Cereales P3 PULEVA",
    "description": "Preparado Lácteo Max con Cacao y Cereales P3 3 x 200 ml",
    "category": "Leche crecimiento infantil",
    "url": "https://tienda.consum.es/es/p/preparado-lacteo-max-con-cacao-y-cereales-p3/7280407",
    "price": 1.65,
    "reference_price": 2.75,
    "iva": 10,
    "reference_unit": "1 L",
    "date": "2023-01-17"
  },
  {
    "id": 14337,
    "name": "Tomate Raf Selección ",
    "description": "Tomate Raf Selección peso variable",
    "category": "Pepinos, tomates y pimientos",
    "url": "https://tienda.consum.es/es/p/tomate-raf-seleccion/7185671",
    "price": 3.12,
    "reference_price": 6.24,
    "iva": 0,
    "reference_unit": "1 Kg",
    "date": "2023-01-17"
  },
  {
    "id": 14342,
    "name": "Colas de Goma CONSUM",
    "description": "Colas de Goma 150 Gr",
    "category": "Chicles, caramelos y gominolas",
    "url": "https://tienda.consum.es/es/p/colas-de-goma/7243777",
    "price": 0.69,
    "reference_price": 4.6,
    "iva": 10,
    "reference_unit": "1 Kg",
    "date": "2023-01-17"
  },
  {
    "id": 14346,
    "name": "Guante Flocado Látex Rosa Talla Pequeña CONSUM",
    "description": "Guante Flocado Látex Rosa Talla Pequeña 1 U",
    "category": "Guantes domésticos",
    "url": "https://tienda.consum.es/es/p/guante-flocado-latex-rosa-talla-pequena/7258734",
    "price": 0.9,
    "reference_price": 0.9,
    "iva": 21,
    "reference_unit": "1 U",
    "date": "2023-01-17"
  },
  {
    "id": 14348,
    "name": "Tellinas congeladas EXKIMO",
    "description": "Tellinas congeladas 250 Gr",
    "category": "Pescados y mariscos",
    "url": "https://tienda.consum.es/es/p/tellinas-congeladas/7269397",
    "price": 4.15,
    "reference_price": 16.6,
    "iva": 10,
    "reference_unit": "1 Kg",
    "date": "2023-01-17"
  },
  {
    "id": 14351,
    "name": "Refresco Limón Lata SCHWEPPES",
    "description": "Refresco Limón Lata 0,25 L",
    "category": "Limón y lima-limón",
    "url": "https://tienda.consum.es/es/p/refresco-limon-lata/7277619",
    "price": 0.79,
    "reference_price": 3.16,
    "iva": 21,
    "reference_unit": "1 L",
    "date": "2023-01-17"
  },
  {
    "id": 14352,
    "name": "Ginger Ale Lata SCHWEPPES",
    "description": "Ginger Ale Lata 0,25 L",
    "category": "Bitter y ginger ale",
    "url": "https://tienda.consum.es/es/p/ginger-ale-lata/7277622",
    "price": 0.79,
    "reference_price": 3.16,
    "iva": 21,
    "reference_unit": "1 L",
    "date": "2023-01-17"
  },
  {
    "id": 14353,
    "name": "Almohadilla Superior ALGASIV",
    "description": "Almohadilla Superior 18 U",
    "category": "Productos protésicos",
    "url": "https://tienda.consum.es/es/p/almohadilla-superior/7277689",
    "price": 7.99,
    "reference_price": 0.44,
    "iva": 10,
    "reference_unit": "1 U",
    "date": "2023-01-17"
  },
  {
    "id": 14354,
    "name": "Almohadilla Inferior ALGASIV",
    "description": "Almohadilla Inferior 18 U",
    "category": "Productos protésicos",
    "url": "https://tienda.consum.es/es/p/almohadilla-inferior/7277700",
    "price": 7.99,
    "reference_price": 0.44,
    "iva": 10,
    "reference_unit": "1 U",
    "date": "2023-01-17"
  },
  {
    "id": 14361,
    "name": "Vino Tinto Crianza D.O.Ribera del Duero CONDADO HAZA",
    "description": "Vino Tinto Crianza D.O.Ribera del Duero 0,75 L",
    "category": "Vinos d.o",
    "url": "https://tienda.consum.es/es/p/vino-tinto-crianza-doribera-del-duero/7280162",
    "price": 11.9,
    "reference_price": 15.87,
    "iva": 21,
    "reference_unit": "1 L",
    "date": "2023-01-17"
  },
  {
    "id": 14364,
    "name": "Sopa de Cocido Deshidratada Sobre G.BLANCA",
    "description": "Sopa de Cocido Deshidratada Sobre 72 Gr",
    "category": "Preparados en sobre",
    "url": "https://tienda.consum.es/es/p/sopa-de-cocido-deshidratada-sobre/7280316",
    "price": 0.69,
    "reference_price": 9.58,
    "iva": 10,
    "reference_unit": "1 Kg",
    "date": "2023-01-17"
  },
  {
    "id": 14366,
    "name": "Aderezo para cocktail Drink & Spices COCKTELEA",
    "description": "Aderezo para cocktail Drink & Spices 36 Gr",
    "category": "Sal y especias",
    "url": "https://tienda.consum.es/es/p/aderezo-para-cocktail-drink-spices/7280352",
    "price": 3.75,
    "reference_price": 10.42,
    "iva": 10,
    "reference_unit": "100 Gr",
    "date": "2023-01-17"
  },
  {
    "id": 14367,
    "name": "Aderezo para cocktail Drink & Fruit COCKTELEA",
    "description": "Aderezo para cocktail Drink & Fruit 12 Gr",
    "category": "Sal y especias",
    "url": "https://tienda.consum.es/es/p/aderezo-para-cocktail-drink-fruit/7280357",
    "price": 3.75,
    "reference_price": 31.25,
    "iva": 10,
    "reference_unit": "100 Gr",
    "date": "2023-01-17"
  },
  {
    "id": 14368,
    "name": "Papel Cocina Megarrollo SCOTTEX",
    "description": "Papel Cocina Megarrollo 3 U",
    "category": "Papel de cocina",
    "url": "https://tienda.consum.es/es/p/papel-cocina-megarrollo/7280415",
    "price": 2.65,
    "reference_price": 0.88,
    "iva": 21,
    "reference_unit": "1 U",
    "date": "2023-01-17"
  },
  {
    "id": 14371,
    "name": "Espinaca Manojo ",
    "description": "Espinaca Manojo 400 Gr",
    "category": "Ensaladas y brotes",
    "url": "https://tienda.consum.es/es/p/espinaca-manojo/7280829",
    "price": 2.11,
    "reference_price": 5.28,
    "iva": 0,
    "reference_unit": "1 Kg",
    "date": "2023-01-17"
  },
  {
    "id": 14376,
    "name": "Moras de Goma CONSUM",
    "description": "Moras de Goma 150 Gr",
    "category": "Chicles, caramelos y gominolas",
    "url": "https://tienda.consum.es/es/p/moras-de-goma/7243780",
    "price": 0.7,
    "reference_price": 4.67,
    "iva": 10,
    "reference_unit": "1 Kg",
    "date": "2023-01-17"
  },
  {
    "id": 14379,
    "name": "Alcachofas de Benicarló ",
    "description": "Alcachofas de Benicarló - Bandeja de 750 Gr",
    "category": "Otras verduras",
    "url": "https://tienda.consum.es/es/p/alcachofas-de-benicarlo/7262231",
    "price": 2.88,
    "reference_price": 3.84,
    "iva": 0,
    "reference_unit": "1 Kg",
    "date": "2023-01-17"
  },
  {
    "id": 14382,
    "name": "Sérum Argán Oro Líquido KYREY",
    "description": "Sérum Argán Oro Líquido 100 ml",
    "category": "Serums, aceites y otros",
    "url": "https://tienda.consum.es/es/p/serum-argan-oro-liquido/7278633",
    "price": 3.95,
    "reference_price": 3.95,
    "iva": 21,
    "reference_unit": "100 ml",
    "date": "2023-01-17"
  },
  {
    "id": 14384,
    "name": "Queso Oveja Viejo con Romero CARMEN",
    "description": "Queso Oveja Viejo con Romero 200 Gr",
    "category": "Quesos Curados",
    "url": "https://tienda.consum.es/es/p/queso-oveja-viejo-con-romero/7280642",
    "price": 3.64,
    "reference_price": 18.2,
    "iva": 0,
    "reference_unit": "1 Kg",
    "date": "2023-01-17"
  },
  {
    "id": 14385,
    "name": "Salsa Gourmet Gorgonzola y Nueces RANA",
    "description": "Salsa Gourmet Gorgonzola y Nueces 180 Gr",
    "category": "Salsas refrigeradas",
    "url": "https://tienda.consum.es/es/p/salsa-gourmet-gorgonzola-y-nueces/7280654",
    "price": 2.4,
    "reference_price": 13.33,
    "iva": 10,
    "reference_unit": "1 Kg",
    "date": "2023-01-17"
  },
  {
    "id": 14386,
    "name": "Queso Ibérico Reserva en Aceite Virgen Santtum EL PASTOR",
    "description": "Queso Ibérico Reserva en Aceite Virgen Santtum 200 Gr",
    "category": "Quesos Curados",
    "url": "https://tienda.consum.es/es/p/queso-iberico-reserva-en-aceite-virgen-santtum/7280675",
    "price": 4.09,
    "reference_price": 20.45,
    "iva": 0,
    "reference_unit": "1 Kg",
    "date": "2023-01-17"
  },
  {
    "id": 14390,
    "name": "Comida Húmeda Perros Paté Rico en Buey VITALITY",
    "description": "Comida Húmeda Perros Paté Rico en Buey 1200 Gr",
    "category": "Húmedo",
    "url": "https://tienda.consum.es/es/p/comida-humeda-perros-pate-rico-en-buey/7259307",
    "price": 2.09,
    "reference_price": 1.74,
    "iva": 10,
    "reference_unit": "1 Kg",
    "date": "2023-01-17"
  },
  {
    "id": 14393,
    "name": "Espresso Descafeinado Tassimo Cápsulas MARCILLA",
    "description": "Espresso Descafeinado Tassimo Cápsulas 16 U",
    "category": "Café en cápsulas",
    "url": "https://tienda.consum.es/es/p/espresso-descafeinado-tassimo-capsulas/7277317",
    "price": 5.3,
    "reference_price": 0.33,
    "iva": 10,
    "reference_unit": "1 U",
    "date": "2023-01-17"
  },
  {
    "id": 14404,
    "name": "Batido al Cacao Botella PULEVA",
    "description": "Batido al Cacao Botella 1 L",
    "category": "Batidos y cafés",
    "url": "https://tienda.consum.es/es/p/batido-al-cacao-botella/7280381",
    "price": 1.79,
    "reference_price": 1.79,
    "iva": 10,
    "reference_unit": "1 L",
    "date": "2023-01-17"
  },
  {
    "id": 14412,
    "name": "Puerro Troceado Bandeja ",
    "description": "Puerro Troceado Bandeja 200 Gr",
    "category": "Patatas, cebollas y ajos",
    "url": "https://tienda.consum.es/es/p/puerro-troceado-bandeja/7247083",
    "price": 0.95,
    "reference_price": 4.75,
    "iva": 0,
    "reference_unit": "1 Kg",
    "date": "2023-01-17"
  },
  {
    "id": 14417,
    "name": "Roll On Emulsión Calmante Post-Picadura SALUSTAR",
    "description": "Roll On Emulsión Calmante Post-Picadura 1 U",
    "category": "Otros",
    "url": "https://tienda.consum.es/es/p/roll-on-emulsion-calmante-post-picadura/7279180",
    "price": 4.35,
    "reference_price": 4.35,
    "iva": 21,
    "reference_unit": "1 U",
    "date": "2023-01-17"
  },
  {
    "id": 14420,
    "name": "Cerveza Barrica Original Botella MAHOU",
    "description": "Cerveza Barrica Original Botella 0,33 L",
    "category": "Especialidades",
    "url": "https://tienda.consum.es/es/p/cerveza-barrica-original-botella/7280683",
    "price": 1.89,
    "reference_price": 5.73,
    "iva": 21,
    "reference_unit": "1 L",
    "date": "2023-01-17"
  },
  {
    "id": 14429,
    "name": "Servilleta 3 Capas Burdeos/Crema 40x40 CONSUM",
    "description": "Servilleta 3 Capas Burdeos/Crema 40x40 50 U",
    "category": "Servilletas de papel",
    "url": "https://tienda.consum.es/es/p/servilleta-3-capas-burdeos/crema-40x40/7262686",
    "price": 2.79,
    "reference_price": 0.06,
    "iva": 21,
    "reference_unit": "1 U",
    "date": "2023-01-17"
  },
  {
    "id": 14432,
    "name": "Bebida Energética Pet CONTACT",
    "description": "Bebida Energética Pet 1,5 L",
    "category": "Energéticas",
    "url": "https://tienda.consum.es/es/p/bebida-energetica-pet/7280332",
    "price": 1.6,
    "reference_price": 1.07,
    "iva": 21,
    "reference_unit": "1 L",
    "date": "2023-01-17"
  },
  {
    "id": 14436,
    "name": "Ensalada de Ahumados ANGOLEVANTE",
    "description": "Ensalada de Ahumados 60 Gr",
    "category": "Surimis y salazones",
    "url": "https://tienda.consum.es/es/p/ensalada-de-ahumados/7280951",
    "price": 1.15,
    "reference_price": 19.17,
    "iva": 10,
    "reference_unit": "1 Kg",
    "date": "2023-01-17"
  },
  {
    "id": 14438,
    "name": "Champiñon Portobello Bandeja ",
    "description": "Champiñon Portobello Bandeja 250 Gr",
    "category": "Champiñones y setas",
    "url": "https://tienda.consum.es/es/p/champinon-portobello-bandeja/7087708",
    "price": 1.53,
    "reference_price": 6.12,
    "iva": 0,
    "reference_unit": "1 Kg",
    "date": "2023-01-17"
  },
  {
    "id": 14441,
    "name": "Hermético Ovalado Azul 0.5 Litros TATAY",
    "description": "Hermético Ovalado Azul 0.5 Litros 1 U",
    "category": "Conservación alimentos",
    "url": "https://tienda.consum.es/es/p/hermetico-ovalado-azul-05-litros/7237741",
    "price": 1.99,
    "reference_price": 1.99,
    "iva": 21,
    "reference_unit": "1 U",
    "date": "2023-01-17"
  },
  {
    "id": 14442,
    "name": "Hermético Azul 1.3 Litros TATAY",
    "description": "Hermético Azul 1.3 Litros 1 U",
    "category": "Conservación alimentos",
    "url": "https://tienda.consum.es/es/p/hermetico-azul-13-litros/7237758",
    "price": 2.55,
    "reference_price": 2.55,
    "iva": 21,
    "reference_unit": "1 U",
    "date": "2023-01-17"
  },
  {
    "id": 14443,
    "name": "Hermético con Rosca 1 Litro TATAY",
    "description": "Hermético con Rosca 1 Litro 1 U",
    "category": "Conservación alimentos",
    "url": "https://tienda.consum.es/es/p/hermetico-con-rosca-1-litro/7237766",
    "price": 2.29,
    "reference_price": 2.29,
    "iva": 21,
    "reference_unit": "1 U",
    "date": "2023-01-17"
  },
  {
    "id": 14452,
    "name": "Acondicionador Arbol de Té ANIAN",
    "description": "Acondicionador Arbol de Té 250 ml",
    "category": "Acondicionadores",
    "url": "https://tienda.consum.es/es/p/acondicionador-arbol-de-te/7278971",
    "price": 3.55,
    "reference_price": 1.42,
    "iva": 21,
    "reference_unit": "100 ml",
    "date": "2023-01-17"
  },
  {
    "id": 14453,
    "name": "Agua Micelar Desmaquillante NIVEA",
    "description": "Agua Micelar Desmaquillante 400 ml",
    "category": "Limpieza y desmaquilladores",
    "url": "https://tienda.consum.es/es/p/agua-micelar-desmaquillante/7280308",
    "price": 4.65,
    "reference_price": 1.16,
    "iva": 21,
    "reference_unit": "100 ml",
    "date": "2023-01-17"
  },
  {
    "id": 14454,
    "name": "Vino Tinto Roble D.O.Toro DEHES.VIEJAS",
    "description": "Vino Tinto Roble D.O.Toro 0,75 L",
    "category": "Vinos d.o",
    "url": "https://tienda.consum.es/es/p/vino-tinto-roble-dotoro/7280662",
    "price": 2.9,
    "reference_price": 3.87,
    "iva": 21,
    "reference_unit": "1 L",
    "date": "2023-01-17"
  },
  {
    "id": 14455,
    "name": "Sacacorchos Modelo dos manos METALTEX",
    "description": "Sacacorchos Modelo dos manos 1 U",
    "category": "Menaje cocina",
    "url": "https://tienda.consum.es/es/p/sacacorchos-modelo-dos-manos/5608765",
    "price": 4.39,
    "reference_price": 4.39,
    "iva": 21,
    "reference_unit": "1 U",
    "date": "2023-01-17"
  },
  {
    "id": 14465,
    "name": "Ensalada Estacional Gourmet Bolsa FLORETTE",
    "description": "Ensalada Estacional Gourmet Bolsa 150 Gr",
    "category": "Ensaladas y brotes",
    "url": "https://tienda.consum.es/es/p/ensalada-estacional-gourmet-bolsa/7151728",
    "price": 1.97,
    "reference_price": 13.13,
    "iva": 0,
    "reference_unit": "1 Kg",
    "date": "2023-01-17"
  },
  {
    "id": 14466,
    "name": "Enfriador de Vino y Cava PULLTEX",
    "description": "Enfriador de Vino y Cava 1 U",
    "category": "Menaje cocina",
    "url": "https://tienda.consum.es/es/p/enfriador-de-vino-y-cava/7162191",
    "price": 4.75,
    "reference_price": 4.75,
    "iva": 21,
    "reference_unit": "1 U",
    "date": "2023-01-17"
  },
  {
    "id": 14469,
    "name": "Jarra Graduada 1 Litro ",
    "description": "Jarra Graduada 1 Litro 1 U",
    "category": "Menaje cocina",
    "url": "https://tienda.consum.es/es/p/jarra-graduada-1-litro/7240117",
    "price": 1.69,
    "reference_price": 1.69,
    "iva": 21,
    "reference_unit": "1 U",
    "date": "2023-01-17"
  },
  {
    "id": 14471,
    "name": "Floretes Brócoli Bandeja ",
    "description": "Floretes Brócoli Bandeja 400 Gr",
    "category": "Brócoli, col y coliflor",
    "url": "https://tienda.consum.es/es/p/floretes-brocoli-bandeja/7259869",
    "price": 1.63,
    "reference_price": 4.08,
    "iva": 0,
    "reference_unit": "1 Kg",
    "date": "2023-01-17"
  },
  {
    "id": 14473,
    "name": "Rasqueta Vitrocerámica Más 5 Recambios FLISS",
    "description": "Rasqueta Vitrocerámica Más 5 Recambios 1 U",
    "category": "Limpia vitrocerámica",
    "url": "https://tienda.consum.es/es/p/rasqueta-vitroceramica-mas-5-recambios/7269459",
    "price": 3.25,
    "reference_price": 3.25,
    "iva": 21,
    "reference_unit": "1 U",
    "date": "2023-01-17"
  },
  {
    "id": 14474,
    "name": "Tónica Pack 6 Botellas CONSUM",
    "description": "Tónica Pack 6 Botellas 6 x 0,2 L",
    "category": "Tónica",
    "url": "https://tienda.consum.es/es/p/tonica-pack-6-botellas/7278013",
    "price": 1.75,
    "reference_price": 1.46,
    "iva": 21,
    "reference_unit": "1 L",
    "date": "2023-01-17"
  },
  {
    "id": 14476,
    "name": "Pañuelos Faciales 3 Capas Caja SCOTTEX",
    "description": "Pañuelos Faciales 3 Capas Caja 70 U",
    "category": "Pañuelos y tissues",
    "url": "https://tienda.consum.es/es/p/panuelos-faciales-3-capas-caja/7279227",
    "price": 1.65,
    "reference_price": 0.02,
    "iva": 21,
    "reference_unit": "1 U",
    "date": "2023-01-17"
  },
  {
    "id": 14477,
    "name": "Muffins sin Gluten Chocolate SCHÄR",
    "description": "Muffins sin Gluten Chocolate 260 Gr",
    "category": "Bollería industrial",
    "url": "https://tienda.consum.es/es/p/muffins-sin-gluten-chocolate/7280670",
    "price": 3.39,
    "reference_price": 13.04,
    "iva": 10,
    "reference_unit": "1 Kg",
    "date": "2023-01-17"
  },
  {
    "id": 14480,
    "name": "Aceite de Oliva Virgen Extra CONSUM",
    "description": "Aceite de Oliva Virgen Extra 3 L",
    "category": "Aceite de oliva virgen y virgen extra",
    "url": "https://tienda.consum.es/es/p/aceite-de-oliva-virgen-extra/7281074",
    "price": 16.75,
    "reference_price": 5.58,
    "iva": 5,
    "reference_unit": "1 L",
    "date": "2023-01-17"
  },
  {
    "id": 14482,
    "name": "Chopped de Pavo ARGAL",
    "description": "Chopped de Pavo",
    "category": "Fiambres ave",
    "url": "https://tienda.consum.es/es/p/chopped-de-pavo/7004430",
    "price": 11.5,
    "reference_price": 11.5,
    "iva": 10,
    "reference_unit": "1 Kg",
    "date": "2023-01-17"
  },
  {
    "id": 14488,
    "name": "Acelga Manojo ",
    "description": "Acelga Manojo 500 Gr",
    "category": "Ensaladas y brotes",
    "url": "https://tienda.consum.es/es/p/acelga-manojo/7259534",
    "price": 1.91,
    "reference_price": 3.82,
    "iva": 0,
    "reference_unit": "1 Kg",
    "date": "2023-01-17"
  },
  {
    "id": 14489,
    "name": "Ajo Ecológico CONSUM ECO",
    "description": "Ajo Ecológico 200 Gr",
    "category": "Patatas, cebollas y ajos",
    "url": "https://tienda.consum.es/es/p/ajo-ecologico/7262769",
    "price": 1.53,
    "reference_price": 7.65,
    "iva": 0,
    "reference_unit": "1 Kg",
    "date": "2023-01-17"
  },
  {
    "id": 14490,
    "name": "Remolacha Bio ",
    "description": "Remolacha Bio 500 Gr",
    "category": "Otras verduras",
    "url": "https://tienda.consum.es/es/p/remolacha-bio/7267375",
    "price": 1.39,
    "reference_price": 2.78,
    "iva": 10,
    "reference_unit": "1 Kg",
    "date": "2023-01-17"
  },
  {
    "id": 14491,
    "name": "Tomate Rama Ecológico CONSUM ECO",
    "description": "Tomate Rama Ecológico 400 Gr",
    "category": "Pepinos, tomates y pimientos",
    "url": "https://tienda.consum.es/es/p/tomate-rama-ecologico/7271492",
    "price": 1.99,
    "reference_price": 4.98,
    "iva": 0,
    "reference_unit": "1 Kg",
    "date": "2023-01-17"
  },
  {
    "id": 14492,
    "name": "Pimiento Rojo Ecológico CONSUM ECO",
    "description": "Pimiento Rojo Ecológico 400 Gr",
    "category": "Pepinos, tomates y pimientos",
    "url": "https://tienda.consum.es/es/p/pimiento-rojo-ecologico/7271526",
    "price": 2.2,
    "reference_price": 5.5,
    "iva": 0,
    "reference_unit": "1 Kg",
    "date": "2023-01-17"
  },
  {
    "id": 14493,
    "name": "Zanahoria Ecológica CONSUM ECO",
    "description": "Zanahoria Ecológica 500 Gr",
    "category": "Zanahorias y otras raíces",
    "url": "https://tienda.consum.es/es/p/zanahoria-ecologica/7271539",
    "price": 2.11,
    "reference_price": 4.22,
    "iva": 0,
    "reference_unit": "1 Kg",
    "date": "2023-01-17"
  },
  {
    "id": 14494,
    "name": "Plátano Bandeja Ecológico CONSUM ECO",
    "description": "Plátano Bandeja Ecológico",
    "category": "Manzana, pera y plátano",
    "url": "https://tienda.consum.es/es/p/platano-bandeja-ecologico/7271542",
    "price": 2.5,
    "reference_price": 2.88,
    "iva": 0,
    "reference_unit": "1 Kg",
    "date": "2023-01-17"
  },
  {
    "id": 14495,
    "name": "Tomate Cherry Pera Ecológico CONSUM ECO",
    "description": "Tomate Cherry Pera Ecológico 200 Gr",
    "category": "Pepinos, tomates y pimientos",
    "url": "https://tienda.consum.es/es/p/tomate-cherry-pera-ecologico/7271732",
    "price": 1.2,
    "reference_price": 6,
    "iva": 0,
    "reference_unit": "1 Kg",
    "date": "2023-01-17"
  },
  {
    "id": 14496,
    "name": "Judía Plana Ecológica CONSUM ECO",
    "description": "Judía Plana Ecológica 300 Gr",
    "category": "Guisantes, habas y judías",
    "url": "https://tienda.consum.es/es/p/judia-plana-ecologica/7271737",
    "price": 2.88,
    "reference_price": 9.6,
    "iva": 0,
    "reference_unit": "1 Kg",
    "date": "2023-01-17"
  },
  {
    "id": 14497,
    "name": "Calabacín Ecológico CONSUM ECO",
    "description": "Calabacín Ecológico 500 Gr",
    "category": "Calabaza y calabacín",
    "url": "https://tienda.consum.es/es/p/calabacin-ecologico/7271757",
    "price": 2.29,
    "reference_price": 4.58,
    "iva": 0,
    "reference_unit": "1 Kg",
    "date": "2023-01-17"
  },
  {
    "id": 14498,
    "name": "Cebolla Ecológica Malla ",
    "description": "Cebolla Ecológica Malla 1 Kg",
    "category": "Patatas, cebollas y ajos",
    "url": "https://tienda.consum.es/es/p/cebolla-ecologica-malla/7272599",
    "price": 1.91,
    "reference_price": 1.91,
    "iva": 0,
    "reference_unit": "1 Kg",
    "date": "2023-01-17"
  },
  {
    "id": 14499,
    "name": "Patata Eco Malla CONSUM ECO",
    "description": "Patata Eco Malla 1,5 Kg",
    "category": "Patatas, cebollas y ajos",
    "url": "https://tienda.consum.es/es/p/patata-eco-malla/7273910",
    "price": 2.78,
    "reference_price": 1.85,
    "iva": 0,
    "reference_unit": "1 Kg",
    "date": "2023-01-17"
  },
  {
    "id": 14500,
    "name": "Kiwi Bandeja Ecológico ",
    "description": "Kiwi Bandeja Ecológico 500 Gr",
    "category": "Fruta tropical",
    "url": "https://tienda.consum.es/es/p/kiwi-bandeja-ecologico/7273931",
    "price": 3.64,
    "reference_price": 7.28,
    "iva": 0,
    "reference_unit": "1 Kg",
    "date": "2023-01-17"
  },
  {
    "id": 14501,
    "name": "Dientes Ajo Negro Pelado Ecológico CONSUM ECO",
    "description": "Dientes Ajo Negro Pelado Ecológico 60 Gr",
    "category": "Patatas, cebollas y ajos",
    "url": "https://tienda.consum.es/es/p/dientes-ajo-negro-pelado-ecologico/7274140",
    "price": 3.99,
    "reference_price": 66.5,
    "iva": 10,
    "reference_unit": "1 Kg",
    "date": "2023-01-17"
  },
  {
    "id": 14503,
    "name": "Limón Ecológico CONSUM ECO",
    "description": "Limón Ecológico 500 Gr",
    "category": "Cítricos",
    "url": "https://tienda.consum.es/es/p/limon-ecologico/7277965",
    "price": 1.72,
    "reference_price": 3.44,
    "iva": 0,
    "reference_unit": "1 Kg",
    "date": "2023-01-17"
  },
  {
    "id": 14504,
    "name": "Chopirones Rebozados al Huevo congelados PESCANOVA",
    "description": "Chopirones Rebozados al Huevo congelados 250 Gr",
    "category": "Pescados y mariscos",
    "url": "https://tienda.consum.es/es/p/chopirones-rebozados-al-huevo-congelados/7279508",
    "price": 3.19,
    "reference_price": 12.76,
    "iva": 10,
    "reference_unit": "1 Kg",
    "date": "2023-01-17"
  },
  {
    "id": 14506,
    "name": "Remolacha Fresca Ecológica ",
    "description": "Remolacha Fresca Ecológica 400 Gr",
    "category": "Otras verduras",
    "url": "https://tienda.consum.es/es/p/remolacha-fresca-ecologica/7280027",
    "price": 1.43,
    "reference_price": 3.58,
    "iva": 0,
    "reference_unit": "1 Kg",
    "date": "2023-01-17"
  },
  {
    "id": 14507,
    "name": "Apio Ecológico CONSUM ECO",
    "description": "Apio Ecológico 300 Gr",
    "category": "Otras verduras",
    "url": "https://tienda.consum.es/es/p/apio-ecologico/7280295",
    "price": 1.34,
    "reference_price": 4.47,
    "iva": 0,
    "reference_unit": "1 Kg",
    "date": "2023-01-17"
  },
  {
    "id": 14509,
    "name": "Aguacate Ecológico ",
    "description": "Aguacate Ecológico 300 Gr",
    "category": "Fruta tropical",
    "url": "https://tienda.consum.es/es/p/aguacate-ecologico/7280696",
    "price": 2.39,
    "reference_price": 7.97,
    "iva": 0,
    "reference_unit": "1 Kg",
    "date": "2023-01-17"
  },
  {
    "id": 14515,
    "name": "Detergente Cápsulas Vanish Power Gel COLON",
    "description": "Detergente Cápsulas Vanish Power Gel 22 Do",
    "category": "Máquina pastilla",
    "url": "https://tienda.consum.es/es/p/detergente-capsulas-vanish-power-gel/7281418",
    "price": 9.49,
    "reference_price": 0.43,
    "iva": 21,
    "reference_unit": "1 Do",
    "date": "2023-01-17"
  },
  {
    "id": 14519,
    "name": "Brócoli Ecológico CONSUM ECO",
    "description": "Brócoli Ecológico 500 Gr",
    "category": "Brócoli, col y coliflor",
    "url": "https://tienda.consum.es/es/p/brocoli-ecologico/7281491",
    "price": 1.63,
    "reference_price": 3.26,
    "iva": 0,
    "reference_unit": "1 Kg",
    "date": "2023-01-17"
  },
  {
    "id": 14521,
    "name": "Guisantes Lata Pack de 3 BONDUELLE",
    "description": "Guisantes Lata Pack de 3 3 x 65 Gr",
    "category": "Guisantes",
    "url": "https://tienda.consum.es/es/p/guisantes-lata-pack-de-3/7281504",
    "price": 2.19,
    "reference_price": 11.23,
    "iva": 10,
    "reference_unit": "1 Kg",
    "date": "2023-01-17"
  },
  {
    "id": 14522,
    "name": "Maíz Dulce Lata Pack de 3 BONDUELLE",
    "description": "Maíz Dulce Lata Pack de 3 3 x 70 Gr",
    "category": "Maíz",
    "url": "https://tienda.consum.es/es/p/maiz-dulce-lata-pack-de-3/7281509",
    "price": 2.19,
    "reference_price": 10.43,
    "iva": 10,
    "reference_unit": "1 Kg",
    "date": "2023-01-17"
  },
  {
    "id": 14523,
    "name": "Hinojo Ecológico ",
    "description": "Hinojo Ecológico 225 Gr",
    "category": "Otras verduras",
    "url": "https://tienda.consum.es/es/p/hinojo-ecologico/7281512",
    "price": 1.43,
    "reference_price": 6.36,
    "iva": 0,
    "reference_unit": "1 Kg",
    "date": "2023-01-17"
  },
  {
    "id": 14525,
    "name": "Pan de Molde con Pipas de Girasol y Calabaza ",
    "description": "Pan de Molde con Pipas de Girasol y Calabaza 400 Gr",
    "category": "Pan de molde y rebanado",
    "url": "https://tienda.consum.es/es/p/pan-de-molde-con-pipas-de-girasol-y-calabaza/7281855",
    "price": 1.99,
    "reference_price": 4.98,
    "iva": 10,
    "reference_unit": "1 Kg",
    "date": "2023-01-17"
  },
  {
    "id": 14526,
    "name": "Pan de Molde Centeno y Semillas ",
    "description": "Pan de Molde Centeno y Semillas 400 Gr",
    "category": "Pan de molde y rebanado",
    "url": "https://tienda.consum.es/es/p/pan-de-molde-centeno-y-semillas/7281863",
    "price": 1.99,
    "reference_price": 4.98,
    "iva": 10,
    "reference_unit": "1 Kg",
    "date": "2023-01-17"
  },
  {
    "id": 14529,
    "name": "Sobrasada Etiqueta Negra ZAGAL",
    "description": "Sobrasada Etiqueta Negra",
    "category": "Sobrasada",
    "url": "https://tienda.consum.es/es/p/sobrasada-etiqueta-negra/931873",
    "price": 15.5,
    "reference_price": 15.5,
    "iva": 10,
    "reference_unit": "1 Kg",
    "date": "2023-01-17"
  },
  {
    "id": 14530,
    "name": "Sobrasada Cular ZAGAL",
    "description": "Sobrasada Cular",
    "category": "Sobrasada",
    "url": "https://tienda.consum.es/es/p/sobrasada-cular/936872",
    "price": 11.9,
    "reference_price": 11.9,
    "iva": 10,
    "reference_unit": "1 Kg",
    "date": "2023-01-17"
  },
  {
    "id": 14531,
    "name": "Crema de Sobrasada Casera LA CUINA",
    "description": "Crema de Sobrasada Casera",
    "category": "Sobrasada",
    "url": "https://tienda.consum.es/es/p/crema-de-sobrasada-casera/4484598",
    "price": 12.9,
    "reference_price": 12.9,
    "iva": 10,
    "reference_unit": "1 Kg",
    "date": "2023-01-17"
  },
  {
    "id": 14532,
    "name": "Chorizo Ibérico de Bellota MONTARAZ",
    "description": "Chorizo Ibérico de Bellota",
    "category": "Chorizo",
    "url": "https://tienda.consum.es/es/p/chorizo-iberico-de-bellota/7002764",
    "price": 30.5,
    "reference_price": 30.5,
    "iva": 10,
    "reference_unit": "1 Kg",
    "date": "2023-01-17"
  },
  {
    "id": 14533,
    "name": "Bloque HÍgado Pato 60% Pasteurizado MARTIKO",
    "description": "Bloque HÍgado Pato 60% Pasteurizado",
    "category": "Foie y patés ",
    "url": "https://tienda.consum.es/es/p/bloque-higado-pato-60-pasteurizado/7011708",
    "price": 82.9,
    "reference_price": 82.9,
    "iva": 10,
    "reference_unit": "1 Kg",
    "date": "2023-01-17"
  },
  {
    "id": 14539,
    "name": "Botifarra Negra El Noiet FALGAS",
    "description": "Botifarra Negra El Noiet",
    "category": "Otros cocidos",
    "url": "https://tienda.consum.es/es/p/botifarra-negra-el-noiet/7065704",
    "price": 10.9,
    "reference_price": 10.9,
    "iva": 10,
    "reference_unit": "1 Kg",
    "date": "2023-01-17"
  },
  {
    "id": 14544,
    "name": "Lomo Bellota 100% Raza Ibérica MONTARAZ",
    "description": "Lomo Bellota 100% Raza Ibérica",
    "category": "Ibéricos",
    "url": "https://tienda.consum.es/es/p/lomo-bellota-100-raza-iberica/7112035",
    "price": 59.9,
    "reference_price": 59.9,
    "iva": 10,
    "reference_unit": "1 Kg",
    "date": "2023-01-17"
  },
  {
    "id": 14547,
    "name": "Membrillo Artesano Natural sin Gluten SANTA TERESA",
    "description": "Membrillo Artesano Natural sin Gluten",
    "category": "Patés y untables",
    "url": "https://tienda.consum.es/es/p/membrillo-artesano-natural-sin-gluten/7179398",
    "price": 14.5,
    "reference_price": 14.5,
    "iva": 10,
    "reference_unit": "1 Kg",
    "date": "2023-01-17"
  },
  {
    "id": 14550,
    "name": "Panceta Curada Doble NANA",
    "description": "Panceta Curada Doble",
    "category": "Bacon y panceta",
    "url": "https://tienda.consum.es/es/p/panceta-curada-doble/7204493",
    "price": 13.9,
    "reference_price": 13.9,
    "iva": 10,
    "reference_unit": "1 Kg",
    "date": "2023-01-17"
  },
  {
    "id": 14554,
    "name": "Chorizo de León Granel PALCARSA",
    "description": "Chorizo de León Granel",
    "category": "Chorizo",
    "url": "https://tienda.consum.es/es/p/chorizo-de-leon-granel/7246903",
    "price": 4.06,
    "reference_price": 16.9,
    "iva": 10,
    "reference_unit": "1 Kg",
    "date": "2023-01-17"
  },
  {
    "id": 14557,
    "name": "Sérum Repara y Protege KYREY",
    "description": "Sérum Repara y Protege 50 ml",
    "category": "Serums, aceites y otros",
    "url": "https://tienda.consum.es/es/p/serum-repara-y-protege/7252047",
    "price": 3.95,
    "reference_price": 7.9,
    "iva": 21,
    "reference_unit": "100 ml",
    "date": "2023-01-17"
  },
  {
    "id": 14564,
    "name": "Bolsa Basura Envases 30 Litros CONSUM",
    "description": "Bolsa Basura Envases 30 Litros 30 U",
    "category": "Bolsas y sacos de basura",
    "url": "https://tienda.consum.es/es/p/bolsa-basura-envases-30-litros/7260131",
    "price": 1.65,
    "reference_price": 0.06,
    "iva": 21,
    "reference_unit": "1 U",
    "date": "2023-01-17"
  },
  {
    "id": 14565,
    "name": "Chocolate Negro 55% con Almendras Enteras CONSUM",
    "description": "Chocolate Negro 55% con Almendras Enteras 200 Gr",
    "category": "Tabletas",
    "url": "https://tienda.consum.es/es/p/chocolate-negro-55-con-almendras-enteras/7266885",
    "price": 1.29,
    "reference_price": 6.45,
    "iva": 10,
    "reference_unit": "1 Kg",
    "date": "2023-01-17"
  },
  {
    "id": 14567,
    "name": "Papel Cocina Decorado 3 Capas CONSUM",
    "description": "Papel Cocina Decorado 3 Capas 3 U",
    "category": "Celulosa",
    "url": "https://tienda.consum.es/es/p/papel-cocina-decorado-3-capas/7269723",
    "price": 3.59,
    "reference_price": 1.2,
    "iva": 21,
    "reference_unit": "1 U",
    "date": "2023-01-17"
  },
  {
    "id": 14568,
    "name": "Discos Desmaquillantes Redondos KYREY",
    "description": "Discos Desmaquillantes Redondos 120 U",
    "category": "Limpieza y desmaquilladores",
    "url": "https://tienda.consum.es/es/p/discos-desmaquillantes-redondos/7271831",
    "price": 0.84,
    "reference_price": 0.01,
    "iva": 21,
    "reference_unit": "1 U",
    "date": "2023-01-17"
  },
  {
    "id": 14569,
    "name": "Chocolate con Leche sin Azúcar CONSUM",
    "description": "Chocolate con Leche sin Azúcar 125 Gr",
    "category": "Tabletas",
    "url": "https://tienda.consum.es/es/p/chocolate-con-leche-sin-azucar/7271856",
    "price": 1.2,
    "reference_price": 9.6,
    "iva": 10,
    "reference_unit": "1 Kg",
    "date": "2023-01-17"
  },
  {
    "id": 14572,
    "name": "Chorizo de León Picante Granel PALCARSA",
    "description": "Chorizo de León Picante Granel",
    "category": "Chorizo",
    "url": "https://tienda.consum.es/es/p/chorizo-de-leon-picante-granel/7273779",
    "price": 4.06,
    "reference_price": 16.9,
    "iva": 10,
    "reference_unit": "1 Kg",
    "date": "2023-01-17"
  },
  {
    "id": 14577,
    "name": "Iso Go! Red Botella CONSUM",
    "description": "Iso Go! Red Botella 0,5 L",
    "category": "Isotónicas botella",
    "url": "https://tienda.consum.es/es/p/iso-go-red-botella/7279453",
    "price": 0.6,
    "reference_price": 1.2,
    "iva": 21,
    "reference_unit": "1 L",
    "date": "2023-01-17"
  },
  {
    "id": 14579,
    "name": "Pouche Supernanos Yogur Griego y Cookies HERO",
    "description": "Pouche Supernanos Yogur Griego y Cookies 100 Gr",
    "category": "Alimentación infantil",
    "url": "https://tienda.consum.es/es/p/pouche-supernanos-yogur-griego-y-cookies/7280196",
    "price": 0.99,
    "reference_price": 9.9,
    "iva": 10,
    "reference_unit": "1 Kg",
    "date": "2023-01-17"
  },
  {
    "id": 14609,
    "name": "Burger Cristal 2 Unidades ",
    "description": "Burger Cristal 2 Unidades 150 Gr",
    "category": "Pan hamburguesas y perritos",
    "url": "https://tienda.consum.es/es/p/burger-cristal-2-unidades/7281962",
    "price": 1,
    "reference_price": 6.67,
    "iva": 10,
    "reference_unit": "1 Kg",
    "date": "2023-01-17"
  },
  {
    "id": 14620,
    "name": "Toallitas Desmaquillantes Faciales KYREY",
    "description": "Toallitas Desmaquillantes Faciales 24 U",
    "category": "Limpieza y desmaquilladores",
    "url": "https://tienda.consum.es/es/p/toallitas-desmaquillantes-faciales/7262954",
    "price": 1.1,
    "reference_price": 0.05,
    "iva": 21,
    "reference_unit": "1 U",
    "date": "2023-01-17"
  },
  {
    "id": 14622,
    "name": "Chocolate Negro 55% con Avellanas Enteras CONSUM",
    "description": "Chocolate Negro 55% con Avellanas Enteras 200 Gr",
    "category": "Tabletas",
    "url": "https://tienda.consum.es/es/p/chocolate-negro-55-con-avellanas-enteras/7266893",
    "price": 1.49,
    "reference_price": 7.45,
    "iva": 10,
    "reference_unit": "1 Kg",
    "date": "2023-01-17"
  },
  {
    "id": 14624,
    "name": "Pepino Ecológico CONSUM ECO",
    "description": "Pepino Ecológico 500 Gr",
    "category": "Pepinos, tomates y pimientos",
    "url": "https://tienda.consum.es/es/p/pepino-ecologico/7271518",
    "price": 2.2,
    "reference_price": 4.4,
    "iva": 0,
    "reference_unit": "1 Kg",
    "date": "2023-01-17"
  },
  {
    "id": 14628,
    "name": "Iso Go! Blue Botella CONSUM",
    "description": "Iso Go! Blue Botella 0,5 L",
    "category": "Isotónicas botella",
    "url": "https://tienda.consum.es/es/p/iso-go-blue-botella/7279446",
    "price": 0.6,
    "reference_price": 1.2,
    "iva": 21,
    "reference_unit": "1 L",
    "date": "2023-01-17"
  },
  {
    "id": 14637,
    "name": "Pan de Molde Cereales sin Gluten SCHÄR",
    "description": "Pan de Molde Cereales sin Gluten 300 Gr",
    "category": "Pan de molde integral y cereales",
    "url": "https://tienda.consum.es/es/p/pan-de-molde-cereales-sin-gluten/7282028",
    "price": 2.99,
    "reference_price": 9.97,
    "iva": 10,
    "reference_unit": "1 Kg",
    "date": "2023-01-17"
  },
  {
    "id": 14642,
    "name": "Tenders Pollo Barbacoa y Miel congelados FRIPOZO",
    "description": "Tenders Pollo Barbacoa y Miel congelados 250 Gr",
    "category": "Platos preparados",
    "url": "https://tienda.consum.es/es/p/tenders-pollo-barbacoa-y-miel-congelados/7282226",
    "price": 2.59,
    "reference_price": 10.36,
    "iva": 10,
    "reference_unit": "1 Kg",
    "date": "2023-01-17"
  },
  {
    "id": 14643,
    "name": "Jengibre Ecológico CONSUM ECO",
    "description": "Jengibre Ecológico 150 Gr",
    "category": "Fruta tropical",
    "url": "https://tienda.consum.es/es/p/jengibre-ecologico/7282452",
    "price": 1.59,
    "reference_price": 10.6,
    "iva": 10,
    "reference_unit": "1 Kg",
    "date": "2023-01-17"
  },
  {
    "id": 14644,
    "name": "Cúrcuma Ecológica CONSUM ECO",
    "description": "Cúrcuma Ecológica 100 Gr",
    "category": "Fruta tropical",
    "url": "https://tienda.consum.es/es/p/curcuma-ecologica/7282457",
    "price": 1.79,
    "reference_price": 17.9,
    "iva": 10,
    "reference_unit": "1 Kg",
    "date": "2023-01-17"
  },
  {
    "id": 14646,
    "name": "Coca de Calabaza ",
    "description": "Coca de Calabaza 380 Gr",
    "category": "Cocas y bizcochos",
    "url": "https://tienda.consum.es/es/p/coca-de-calabaza/7282648",
    "price": 2.75,
    "reference_price": 7.24,
    "iva": 10,
    "reference_unit": "1 Kg",
    "date": "2023-01-17"
  },
  {
    "id": 14647,
    "name": "Manzana Ambrosia Bolsa ",
    "description": "Manzana Ambrosia Bolsa 1 U",
    "category": "Manzana, pera y plátano",
    "url": "https://tienda.consum.es/es/p/manzana-ambrosia-bolsa/7282692",
    "price": 2.59,
    "reference_price": 2.59,
    "iva": 0,
    "reference_unit": "1 U",
    "date": "2023-01-17"
  },
  {
    "id": 14648,
    "name": "Danacol Beber Tropical 0% Azucares Añadidos DANONE",
    "description": "Danacol Beber Tropical 0% Azucares Añadidos 6 x 100 Gr",
    "category": "Yogures especial salud",
    "url": "https://tienda.consum.es/es/p/danacol-beber-tropical-0-azucares-anadidos/7049349",
    "price": 4.49,
    "reference_price": 7.48,
    "iva": 10,
    "reference_unit": "1 Kg",
    "date": "2023-01-17"
  },
  {
    "id": 14651,
    "name": "Agua Mineral Natural Botella BEZOYA",
    "description": "Agua Mineral Natural Botella 0,5 L",
    "category": "Agua sin gas : botella",
    "url": "https://tienda.consum.es/es/p/agua-mineral-natural-botella/7090814",
    "price": 0.61,
    "reference_price": 1.22,
    "iva": 10,
    "reference_unit": "1 L",
    "date": "2023-01-17"
  },
  {
    "id": 14652,
    "name": "Detergente Concentrado Ropa Blanca y Color CONSUM",
    "description": "Detergente Concentrado Ropa Blanca y Color 25 Lv",
    "category": "A máquina líquido",
    "url": "https://tienda.consum.es/es/p/detergente-concentrado-ropa-blanca-y-color/7181436",
    "price": 3.1,
    "reference_price": 0.12,
    "iva": 21,
    "reference_unit": "1 Lv",
    "date": "2023-01-17"
  },
  {
    "id": 14667,
    "name": "Champú Arbol de Té ANIAN",
    "description": "Champú Arbol de Té 400 ml",
    "category": "Champú",
    "url": "https://tienda.consum.es/es/p/champu-arbol-de-te/7278989",
    "price": 3.55,
    "reference_price": 0.89,
    "iva": 21,
    "reference_unit": "100 ml",
    "date": "2023-01-17"
  },
  {
    "id": 14680,
    "name": "Danacol Natural 0% Azucares Añadidos DANONE",
    "description": "Danacol Natural 0% Azucares Añadidos 12 x 100 Gr",
    "category": "Yogures especial salud",
    "url": "https://tienda.consum.es/es/p/danacol-natural-0-azucares-anadidos/7282150",
    "price": 7.29,
    "reference_price": 6.08,
    "iva": 10,
    "reference_unit": "1 Kg",
    "date": "2023-01-17"
  },
  {
    "id": 14681,
    "name": "Danacol Sabor Fresa 0% Azucares Añadidos DANONE",
    "description": "Danacol Sabor Fresa 0% Azucares Añadidos 12 x 100 Gr",
    "category": "Yogures especial salud",
    "url": "https://tienda.consum.es/es/p/danacol-sabor-fresa-0-azucares-anadidos/7282155",
    "price": 7.29,
    "reference_price": 6.08,
    "iva": 10,
    "reference_unit": "1 Kg",
    "date": "2023-01-17"
  },
  {
    "id": 14697,
    "name": "Taco Lomo Ibérico Cebo Campo 50% Raza Ibérica MONTARAZ",
    "description": "Taco Lomo Ibérico Cebo Campo 50% Raza Ibérica",
    "category": "Ibéricos",
    "url": "https://tienda.consum.es/es/p/taco-lomo-iberico-cebo-campo-50-raza-iberica/7170454",
    "price": 10.78,
    "reference_price": 35.9,
    "iva": 10,
    "reference_unit": "1 Kg",
    "date": "2023-01-17"
  },
  {
    "id": 14701,
    "name": "Zumo Tomate Brik CONSUM",
    "description": "Zumo Tomate Brik 1 L",
    "category": "Zumos y néctares no refrigerados",
    "url": "https://tienda.consum.es/es/p/zumo-tomate-brik/7265312",
    "price": 1,
    "reference_price": 1,
    "iva": 10,
    "reference_unit": "1 L",
    "date": "2023-01-17"
  },
  {
    "id": 14702,
    "name": "Crema Pies Pharma con Urea KYREY PHARMA",
    "description": "Crema Pies Pharma con Urea 125 ml",
    "category": "Crema de pies",
    "url": "https://tienda.consum.es/es/p/crema-pies-pharma-con-urea/7266927",
    "price": 1.5,
    "reference_price": 1.2,
    "iva": 21,
    "reference_unit": "100 ml",
    "date": "2023-01-17"
  },
  {
    "id": 14703,
    "name": "Servilleta Cocktail 2 Capas 20x20 CONSUM",
    "description": "Servilleta Cocktail 2 Capas 20x20 100 U",
    "category": "Servilletas de papel",
    "url": "https://tienda.consum.es/es/p/servilleta-cocktail-2-capas-20x20/7269637",
    "price": 1.2,
    "reference_price": 0.01,
    "iva": 21,
    "reference_unit": "1 U",
    "date": "2023-01-17"
  },
  {
    "id": 14704,
    "name": "Pan Tostado Multicereales CONSUM",
    "description": "Pan Tostado Multicereales 250 Gr",
    "category": "Tostadas y minibiscotes",
    "url": "https://tienda.consum.es/es/p/pan-tostado-multicereales/7273154",
    "price": 1.75,
    "reference_price": 7,
    "iva": 10,
    "reference_unit": "1 Kg",
    "date": "2023-01-17"
  },
  {
    "id": 14705,
    "name": "Chocolate con Caramelo y Cacahuete MILKA",
    "description": "Chocolate con Caramelo y Cacahuete 276 Gr",
    "category": "Tabletas",
    "url": "https://tienda.consum.es/es/p/chocolate-con-caramelo-y-cacahuete/7280584",
    "price": 3.39,
    "reference_price": 12.28,
    "iva": 10,
    "reference_unit": "1 Kg",
    "date": "2023-01-17"
  },
  {
    "id": 14710,
    "name": "Refresco Aloe Fresa Botella OKF",
    "description": "Refresco Aloe Fresa Botella 0,5 L",
    "category": "Refrescos sin gas",
    "url": "https://tienda.consum.es/es/p/refresco-aloe-fresa-botella/7282445",
    "price": 1.45,
    "reference_price": 2.9,
    "iva": 21,
    "reference_unit": "1 L",
    "date": "2023-01-17"
  },
  {
    "id": 14714,
    "name": "Palito Sobrasada 4 Unidades ",
    "description": "Palito Sobrasada 4 Unidades 110 Gr",
    "category": "Empanadillas",
    "url": "https://tienda.consum.es/es/p/palito-sobrasada-4-unidades/7282742",
    "price": 1.35,
    "reference_price": 12.27,
    "iva": 10,
    "reference_unit": "1 Kg",
    "date": "2023-01-17"
  },
  {
    "id": 14728,
    "name": "Papayón entero ",
    "description": "Papayón entero",
    "category": "Fruta tropical",
    "url": "https://tienda.consum.es/es/p/papayon-entero/54379",
    "price": 8.15,
    "reference_price": 5.38,
    "iva": 0,
    "reference_unit": "1 Kg",
    "date": "2023-01-17"
  },
  {
    "id": 14731,
    "name": "Champú Cabello Liso KYREY",
    "description": "Champú Cabello Liso 400 ml",
    "category": "Champú",
    "url": "https://tienda.consum.es/es/p/champu-cabello-liso/7251986",
    "price": 1.65,
    "reference_price": 0.41,
    "iva": 21,
    "reference_unit": "100 ml",
    "date": "2023-01-17"
  },
  {
    "id": 14732,
    "name": "Champú Anticaspa Dos en Uno KYREY",
    "description": "Champú Anticaspa Dos en Uno 400 ml",
    "category": "Champú",
    "url": "https://tienda.consum.es/es/p/champu-anticaspa-dos-en-uno/7252117",
    "price": 1.7,
    "reference_price": 0.43,
    "iva": 21,
    "reference_unit": "100 ml",
    "date": "2023-01-17"
  },
  {
    "id": 14733,
    "name": "Champú Anticaspa KYREY",
    "description": "Champú Anticaspa 400 ml",
    "category": "Champú",
    "url": "https://tienda.consum.es/es/p/champu-anticaspa/7252125",
    "price": 1.7,
    "reference_price": 0.43,
    "iva": 21,
    "reference_unit": "100 ml",
    "date": "2023-01-17"
  },
  {
    "id": 14737,
    "name": "Tarta Galleta Arándanos Nata y Queso ",
    "description": "Tarta Galleta Arándanos Nata y Queso 500 Gr",
    "category": "Tartas ",
    "url": "https://tienda.consum.es/es/p/tarta-galleta-arandanos-nata-y-queso/7268253",
    "price": 9.49,
    "reference_price": 18.98,
    "iva": 10,
    "reference_unit": "1 Kg",
    "date": "2023-01-17"
  },
  {
    "id": 14738,
    "name": "Discos Ovalados KYREY",
    "description": "Discos Ovalados 80 U",
    "category": "Limpieza y desmaquilladores",
    "url": "https://tienda.consum.es/es/p/discos-ovalados/7271836",
    "price": 1.28,
    "reference_price": 0.02,
    "iva": 21,
    "reference_unit": "1 U",
    "date": "2023-01-17"
  },
  {
    "id": 14739,
    "name": "Chicle Fresa sin Azúcar Paquete 32 Unidades CONSUM",
    "description": "Chicle Fresa sin Azúcar Paquete 32 Unidades 45 Gr",
    "category": "Chicles, caramelos y gominolas",
    "url": "https://tienda.consum.es/es/p/chicle-fresa-sin-azucar-paquete-32-unidades/7274863",
    "price": 0.85,
    "reference_price": 1.89,
    "iva": 10,
    "reference_unit": "100 Gr",
    "date": "2023-01-17"
  },
  {
    "id": 14740,
    "name": "Chicle Menta sin Azúcar Paquete 32 Unidades CONSUM",
    "description": "Chicle Menta sin Azúcar Paquete 32 Unidades 45 Gr",
    "category": "Chicles, caramelos y gominolas",
    "url": "https://tienda.consum.es/es/p/chicle-menta-sin-azucar-paquete-32-unidades/7274868",
    "price": 0.85,
    "reference_price": 1.89,
    "iva": 10,
    "reference_unit": "100 Gr",
    "date": "2023-01-17"
  },
  {
    "id": 14741,
    "name": "Chicle Hierbabuena sin Azúcar Paquete 32 U. CONSUM",
    "description": "Chicle Hierbabuena sin Azúcar Paquete 32 U. 45 Gr",
    "category": "Chicles, caramelos y gominolas",
    "url": "https://tienda.consum.es/es/p/chicle-hierbabuena-sin-azucar-paquete-32-u/7274871",
    "price": 0.85,
    "reference_price": 1.89,
    "iva": 10,
    "reference_unit": "100 Gr",
    "date": "2023-01-17"
  },
  {
    "id": 14742,
    "name": "Chicle Menta Regaliz sin Azúcar Paquete 32 U. CONSUM",
    "description": "Chicle Menta Regaliz sin Azúcar Paquete 32 U. 45 Gr",
    "category": "Chicles, caramelos y gominolas",
    "url": "https://tienda.consum.es/es/p/chicle-menta-regaliz-sin-azucar-paquete-32-u/7274876",
    "price": 0.85,
    "reference_price": 1.89,
    "iva": 10,
    "reference_unit": "100 Gr",
    "date": "2023-01-17"
  },
  {
    "id": 14745,
    "name": "Champú Oro Líquido KYREY",
    "description": "Champú Oro Líquido 400 ml",
    "category": "Champú",
    "url": "https://tienda.consum.es/es/p/champu-oro-liquido/7278620",
    "price": 1.95,
    "reference_price": 0.49,
    "iva": 21,
    "reference_unit": "100 ml",
    "date": "2023-01-17"
  },
  {
    "id": 14746,
    "name": "Mascarilla Oro Líquido KYREY",
    "description": "Mascarilla Oro Líquido 250 ml",
    "category": "Mascarillas cabello",
    "url": "https://tienda.consum.es/es/p/mascarilla-oro-liquido/7278625",
    "price": 2.4,
    "reference_price": 0.96,
    "iva": 21,
    "reference_unit": "100 ml",
    "date": "2023-01-17"
  },
  {
    "id": 14758,
    "name": "Pan Rallado Estilo Japonés Paquete FRUMEN",
    "description": "Pan Rallado Estilo Japonés Paquete 150 Gr",
    "category": "Pan rallado",
    "url": "https://tienda.consum.es/es/p/pan-rallado-estilo-japones-paquete/7282239",
    "price": 1.75,
    "reference_price": 11.67,
    "iva": 10,
    "reference_unit": "1 Kg",
    "date": "2023-01-17"
  },
  {
    "id": 14760,
    "name": "Pan Vitalite WASA",
    "description": "Pan Vitalite 280 Gr",
    "category": "Tostadas y minibiscotes",
    "url": "https://tienda.consum.es/es/p/pan-vitalite/7282494",
    "price": 2.25,
    "reference_price": 8.04,
    "iva": 10,
    "reference_unit": "1 Kg",
    "date": "2023-01-17"
  },
  {
    "id": 14761,
    "name": "Pan Original WASA",
    "description": "Pan Original 275 Gr",
    "category": "Tostadas y minibiscotes",
    "url": "https://tienda.consum.es/es/p/pan-original/7282499",
    "price": 2.59,
    "reference_price": 9.42,
    "iva": 10,
    "reference_unit": "1 Kg",
    "date": "2023-01-17"
  },
  {
    "id": 14764,
    "name": "Galletas Fibralia Integral Soja CUETARA",
    "description": "Galletas Fibralia Integral Soja 550 Gr",
    "category": "Galletas saludables",
    "url": "https://tienda.consum.es/es/p/galletas-fibralia-integral-soja/7282676",
    "price": 4.69,
    "reference_price": 8.53,
    "iva": 10,
    "reference_unit": "1 Kg",
    "date": "2023-01-17"
  },
  {
    "id": 14767,
    "name": "Cerveza Lata AMSTEL",
    "description": "Cerveza Lata 330 ml",
    "category": "Nacional lata",
    "url": "https://tienda.consum.es/es/p/cerveza-lata/7283096",
    "price": 0.72,
    "reference_price": 2.18,
    "iva": 21,
    "reference_unit": "1 L",
    "date": "2023-01-17"
  },
  {
    "id": 14770,
    "name": "Torcidas Regaliz Fresa Rellenas FINI",
    "description": "Torcidas Regaliz Fresa Rellenas 125 Gr",
    "category": "Chicles, caramelos y gominolas",
    "url": "https://tienda.consum.es/es/p/torcidas-regaliz-fresa-rellenas/7283971",
    "price": 1,
    "reference_price": 8,
    "iva": 10,
    "reference_unit": "1 Kg",
    "date": "2023-01-17"
  },
  {
    "id": 14772,
    "name": "Snack Perros Dental Small DENTAL LIFE",
    "description": "Snack Perros Dental Small 115 Gr",
    "category": "Snacks",
    "url": "https://tienda.consum.es/es/p/snack-perros-dental-small/7284271",
    "price": 2.2,
    "reference_price": 19.13,
    "iva": 10,
    "reference_unit": "1 Kg",
    "date": "2023-01-17"
  },
  {
    "id": 14775,
    "name": "Habas Granel ",
    "description": "Habas Granel",
    "category": "Guisantes, habas y judías",
    "url": "https://tienda.consum.es/es/p/habas-granel/7213056",
    "price": 2.36,
    "reference_price": 2.36,
    "iva": 0,
    "reference_unit": "1 Kg",
    "date": "2023-01-17"
  },
  {
    "id": 14777,
    "name": "Gamuzas Impregnadas CONSUM",
    "description": "Gamuzas Impregnadas 20 U",
    "category": "Bayetas, gamuzas y plumeros",
    "url": "https://tienda.consum.es/es/p/gamuzas-impregnadas/7259851",
    "price": 1.6,
    "reference_price": 0.08,
    "iva": 21,
    "reference_unit": "1 U",
    "date": "2023-01-17"
  },
  {
    "id": 14778,
    "name": "Tampón con Aplicador Compacto Súper KYREY",
    "description": "Tampón con Aplicador Compacto Súper 32 U",
    "category": "Tampones",
    "url": "https://tienda.consum.es/es/p/tampon-con-aplicador-compacto-super/7269699",
    "price": 2.98,
    "reference_price": 0.09,
    "iva": 4,
    "reference_unit": "1 U",
    "date": "2023-01-17"
  },
  {
    "id": 14779,
    "name": "Tampón con Aplicador Cartón Regular KYREY",
    "description": "Tampón con Aplicador Cartón Regular 30 U",
    "category": "Tampones",
    "url": "https://tienda.consum.es/es/p/tampon-con-aplicador-carton-regular/7269988",
    "price": 2.35,
    "reference_price": 0.08,
    "iva": 4,
    "reference_unit": "1 U",
    "date": "2023-01-17"
  },
  {
    "id": 14780,
    "name": "Chocolate con Leche Almendras sin Azúcar CONSUM",
    "description": "Chocolate con Leche Almendras sin Azúcar 150 Gr",
    "category": "Tabletas",
    "url": "https://tienda.consum.es/es/p/chocolate-con-leche-almendras-sin-azucar/7271851",
    "price": 1.69,
    "reference_price": 11.27,
    "iva": 10,
    "reference_unit": "1 Kg",
    "date": "2023-01-17"
  },
  {
    "id": 14781,
    "name": "Leche Condensada Entera CONSUM",
    "description": "Leche Condensada Entera 370 Gr",
    "category": "Condensada",
    "url": "https://tienda.consum.es/es/p/leche-condensada-entera/7274913",
    "price": 2.3,
    "reference_price": 6.22,
    "iva": 10,
    "reference_unit": "1 Kg",
    "date": "2023-01-17"
  },
  {
    "id": 14789,
    "name": "Ambientador Freshmatic Aparato Difusor Nenuco AIR WICK",
    "description": "Ambientador Freshmatic Aparato Difusor Nenuco 1 U",
    "category": "Eléctricos y automáticos",
    "url": "https://tienda.consum.es/es/p/ambientador-freshmatic-aparato-difusor-nenuco/7282549",
    "price": 7.99,
    "reference_price": 7.99,
    "iva": 21,
    "reference_unit": "1 U",
    "date": "2023-01-17"
  },
  {
    "id": 14791,
    "name": "Pan Tostado Multicerales 30 Rebanadas ORTIZ",
    "description": "Pan Tostado Multicerales 30 Rebanadas 288 Gr",
    "category": "Tostadas y minibiscotes",
    "url": "https://tienda.consum.es/es/p/pan-tostado-multicerales-30-rebanadas/7282572",
    "price": 2.49,
    "reference_price": 8.65,
    "iva": 10,
    "reference_unit": "1 Kg",
    "date": "2023-01-17"
  },
  {
    "id": 14797,
    "name": "Vino Tinto Vendimia Selección D.O.Rioja FAUST.RIVERO",
    "description": "Vino Tinto Vendimia Selección D.O.Rioja 0,75 L",
    "category": "Vinos d.o",
    "url": "https://tienda.consum.es/es/p/vino-tinto-vendimia-seleccion-dorioja/7282960",
    "price": 4.49,
    "reference_price": 5.99,
    "iva": 21,
    "reference_unit": "1 L",
    "date": "2023-01-17"
  },
  {
    "id": 14804,
    "name": "Crunchy Nachips Bolsa OLD EL PASO",
    "description": "Crunchy Nachips Bolsa 185 Gr",
    "category": "Snacks y otros aperitivos",
    "url": "https://tienda.consum.es/es/p/crunchy-nachips-bolsa/7284206",
    "price": 2.75,
    "reference_price": 14.86,
    "iva": 10,
    "reference_unit": "1 Kg",
    "date": "2023-01-17"
  },
  {
    "id": 14821,
    "name": "Hermético Queso de Cuña ",
    "description": "Hermético Queso de Cuña 1 U",
    "category": "Conservación alimentos",
    "url": "https://tienda.consum.es/es/p/hermetico-queso-de-cuna/7240109",
    "price": 1.49,
    "reference_price": 1.49,
    "iva": 21,
    "reference_unit": "1 U",
    "date": "2023-01-17"
  },
  {
    "id": 14822,
    "name": "Refresco Limón Cero Botella CONSUM",
    "description": "Refresco Limón Cero Botella 2 L",
    "category": "Limón y lima-limón",
    "url": "https://tienda.consum.es/es/p/refresco-limon-cero-botella/7260284",
    "price": 0.87,
    "reference_price": 0.44,
    "iva": 21,
    "reference_unit": "1 L",
    "date": "2023-01-17"
  },
  {
    "id": 14823,
    "name": "Refresco Naranja Cero Botella CONSUM",
    "description": "Refresco Naranja Cero Botella 2 L",
    "category": "Naranja",
    "url": "https://tienda.consum.es/es/p/refresco-naranja-cero-botella/7260289",
    "price": 0.87,
    "reference_price": 0.44,
    "iva": 21,
    "reference_unit": "1 L",
    "date": "2023-01-17"
  },
  {
    "id": 14831,
    "name": "Patatas Fritas Flor de Sal con Hierbas Aromáticas CONSUM",
    "description": "Patatas Fritas Flor de Sal con Hierbas Aromáticas 150 Gr",
    "category": "Patatas fritas",
    "url": "https://tienda.consum.es/es/p/patatas-fritas-flor-de-sal-con-hierbas-aromaticas/7277259",
    "price": 1.99,
    "reference_price": 13.27,
    "iva": 10,
    "reference_unit": "1 Kg",
    "date": "2023-01-17"
  },
  {
    "id": 14834,
    "name": "Ketchup 50% Menos Azúcar y Sal HEINZ",
    "description": "Ketchup 50% Menos Azúcar y Sal 550 Gr",
    "category": "Ketchup",
    "url": "https://tienda.consum.es/es/p/ketchup-50-menos-azucar-y-sal/7282247",
    "price": 3.99,
    "reference_price": 7.25,
    "iva": 10,
    "reference_unit": "1 Kg",
    "date": "2023-01-17"
  },
  {
    "id": 14835,
    "name": "Pan Tostado Integral 30 Rebanadas ORTIZ",
    "description": "Pan Tostado Integral 30 Rebanadas 324 Gr",
    "category": "Tostadas y minibiscotes",
    "url": "https://tienda.consum.es/es/p/pan-tostado-integral-30-rebanadas/7282577",
    "price": 2.49,
    "reference_price": 7.69,
    "iva": 10,
    "reference_unit": "1 Kg",
    "date": "2023-01-17"
  },
  {
    "id": 14836,
    "name": "Pan Tostado Tradicional 30 Rebanadas ORTIZ",
    "description": "Pan Tostado Tradicional 30 Rebanadas 324 Gr",
    "category": "Tostadas y minibiscotes",
    "url": "https://tienda.consum.es/es/p/pan-tostado-tradicional-30-rebanadas/7282585",
    "price": 2.49,
    "reference_price": 7.69,
    "iva": 10,
    "reference_unit": "1 Kg",
    "date": "2023-01-17"
  },
  {
    "id": 14839,
    "name": "Maxibon Mini Nata Pack de 6 Unidades NESTLE",
    "description": "Maxibon Mini Nata Pack de 6 Unidades 324 Gr",
    "category": "Sándwich",
    "url": "https://tienda.consum.es/es/p/maxibon-mini-nata-pack-de-6-unidades/7282911",
    "price": 4.99,
    "reference_price": 15.4,
    "iva": 10,
    "reference_unit": "1 Kg",
    "date": "2023-01-17"
  },
  {
    "id": 14843,
    "name": "Cono Nata-Chocolate X4 sin Gluten/Lactosa ROYNE",
    "description": "Cono Nata-Chocolate X4 sin Gluten/Lactosa 320 Gr",
    "category": "Helados",
    "url": "https://tienda.consum.es/es/p/cono-nata-chocolate-x4-sin-gluten/lactosa/7283125",
    "price": 3.59,
    "reference_price": 11.22,
    "iva": 10,
    "reference_unit": "1 Kg",
    "date": "2023-01-17"
  },
  {
    "id": 14844,
    "name": "Bombón Choco-Nata X4 s/Az.Añadido/Glut/Lact ROYNE",
    "description": "Bombón Choco-Nata X4 s/Az.Añadido/Glut/Lact 360 Gr",
    "category": "Helados",
    "url": "https://tienda.consum.es/es/p/bombon-choco-nata-x4-s/azanadido/glut/lact/7283133",
    "price": 3.59,
    "reference_price": 9.97,
    "iva": 10,
    "reference_unit": "1 Kg",
    "date": "2023-01-17"
  },
  {
    "id": 14852,
    "name": "Whisky Escocés H.QUEEN",
    "description": "Whisky Escocés 1 L",
    "category": "Licores y vermouth",
    "url": "https://tienda.consum.es/es/p/whisky-escoces/7284888",
    "price": 12.5,
    "reference_price": 12.5,
    "iva": 21,
    "reference_unit": "1 L",
    "date": "2023-01-17"
  },
  {
    "id": 14853,
    "name": "Licor Crema de Arroz Con Fresas HUERTA ONDA",
    "description": "Licor Crema de Arroz Con Fresas 0,7 L",
    "category": "Licores y vermouth",
    "url": "https://tienda.consum.es/es/p/licor-crema-de-arroz-con-fresas/7284891",
    "price": 6.6,
    "reference_price": 9.43,
    "iva": 21,
    "reference_unit": "1 L",
    "date": "2023-01-17"
  },
  {
    "id": 14861,
    "name": "Coliflor Ecológica CONSUM ECO",
    "description": "Coliflor Ecológica 800 Gr",
    "category": "Brócoli, col y coliflor",
    "url": "https://tienda.consum.es/es/p/coliflor-ecologica/7286391",
    "price": 2.11,
    "reference_price": 2.64,
    "iva": 0,
    "reference_unit": "1 Kg",
    "date": "2023-01-17"
  },
  {
    "id": 14862,
    "name": "Mousse de Café Pack de 4 Unidades LA LECHERA",
    "description": "Mousse de Café Pack de 4 Unidades 4 x 59 Gr",
    "category": "Mousse",
    "url": "https://tienda.consum.es/es/p/mousse-de-cafe-pack-de-4-unidades/48637",
    "price": 2.45,
    "reference_price": 10.38,
    "iva": 10,
    "reference_unit": "1 Kg",
    "date": "2023-01-17"
  },
  {
    "id": 14869,
    "name": "Pizza Romana TARRADELLAS",
    "description": "Pizza Romana 410 Gr",
    "category": "Pizza refrigerada",
    "url": "https://tienda.consum.es/es/p/pizza-romana/500587",
    "price": 3.19,
    "reference_price": 7.78,
    "iva": 10,
    "reference_unit": "1 Kg",
    "date": "2023-01-17"
  },
  {
    "id": 14870,
    "name": "Crema Catalana DHUL",
    "description": "Crema Catalana 155 Gr",
    "category": "Otros postres",
    "url": "https://tienda.consum.es/es/p/crema-catalana/815423",
    "price": 1.35,
    "reference_price": 8.71,
    "iva": 10,
    "reference_unit": "1 Kg",
    "date": "2023-01-17"
  },
  {
    "id": 14874,
    "name": "Cuajada Natural Azucarada Pack de 2 U DANONE",
    "description": "Cuajada Natural Azucarada Pack de 2 U 2 x 135 Gr",
    "category": "Cuajada",
    "url": "https://tienda.consum.es/es/p/cuajada-natural-azucarada-pack-de-2-u/4226858",
    "price": 1.49,
    "reference_price": 5.52,
    "iva": 10,
    "reference_unit": "1 Kg",
    "date": "2023-01-17"
  },
  {
    "id": 14881,
    "name": "Delisandwich Cangrejo SERRANO",
    "description": "Delisandwich Cangrejo 150 Gr",
    "category": "Otros cocidos",
    "url": "https://tienda.consum.es/es/p/delisandwich-cangrejo/7063142",
    "price": 1.65,
    "reference_price": 11,
    "iva": 10,
    "reference_unit": "1 Kg",
    "date": "2023-01-17"
  },
  {
    "id": 14883,
    "name": "Bitter con Alcohol CAMPARI",
    "description": "Bitter con Alcohol 0,7 L",
    "category": "Licores y vermouth",
    "url": "https://tienda.consum.es/es/p/bitter-con-alcohol/7089803",
    "price": 14.5,
    "reference_price": 20.71,
    "iva": 21,
    "reference_unit": "1 L",
    "date": "2023-01-17"
  },
  {
    "id": 14887,
    "name": "Salami Finas Hierbas Finas Lonchas SOLÀ",
    "description": "Salami Finas Hierbas Finas Lonchas 150 Gr",
    "category": "Salchichón y salami",
    "url": "https://tienda.consum.es/es/p/salami-finas-hierbas-finas-lonchas/7097459",
    "price": 2.39,
    "reference_price": 15.93,
    "iva": 10,
    "reference_unit": "1 Kg",
    "date": "2023-01-17"
  },
  {
    "id": 14889,
    "name": "Galletas Mini Oreo Caja LU",
    "description": "Galletas Mini Oreo Caja 160 Gr",
    "category": "Galletas de chocolate",
    "url": "https://tienda.consum.es/es/p/galletas-mini-oreo-caja/7104362",
    "price": 1.95,
    "reference_price": 12.19,
    "iva": 10,
    "reference_unit": "1 Kg",
    "date": "2023-01-17"
  },
  {
    "id": 14890,
    "name": "Galleta Mini Principe LU",
    "description": "Galleta Mini Principe 160 Gr",
    "category": "Galletas de chocolate",
    "url": "https://tienda.consum.es/es/p/galleta-mini-principe/7112605",
    "price": 1.95,
    "reference_price": 12.19,
    "iva": 10,
    "reference_unit": "1 Kg",
    "date": "2023-01-17"
  },
  {
    "id": 14891,
    "name": "Mortadela Ahumada MRM",
    "description": "Mortadela Ahumada 150 Gr",
    "category": "Mortadela y chopped",
    "url": "https://tienda.consum.es/es/p/mortadela-ahumada/7117018",
    "price": 2.09,
    "reference_price": 13.93,
    "iva": 10,
    "reference_unit": "1 Kg",
    "date": "2023-01-17"
  },
  {
    "id": 14897,
    "name": "Sacacorchos de 2 Palancas PULLPARROT",
    "description": "Sacacorchos de 2 Palancas 1 U",
    "category": "Menaje cocina",
    "url": "https://tienda.consum.es/es/p/sacacorchos-de-2-palancas/7155869",
    "price": 4.69,
    "reference_price": 4.69,
    "iva": 21,
    "reference_unit": "1 U",
    "date": "2023-01-17"
  },
  {
    "id": 14903,
    "name": "Galleta María Hojaldrada CUETARA",
    "description": "Galleta María Hojaldrada 600 Gr",
    "category": "Desayuno y maría",
    "url": "https://tienda.consum.es/es/p/galleta-maria-hojaldrada/7179141",
    "price": 3.49,
    "reference_price": 5.82,
    "iva": 10,
    "reference_unit": "1 Kg",
    "date": "2023-01-17"
  },
  {
    "id": 14905,
    "name": "Boquerones en Aceite de Oliva con Ajo y Perejil BRUIMAR",
    "description": "Boquerones en Aceite de Oliva con Ajo y Perejil 240 Gr",
    "category": "Surimis y salazones",
    "url": "https://tienda.consum.es/es/p/boquerones-en-aceite-de-oliva-con-ajo-y-perejil/7184653",
    "price": 5.99,
    "reference_price": 24.96,
    "iva": 10,
    "reference_unit": "1 Kg",
    "date": "2023-01-17"
  },
  {
    "id": 14910,
    "name": "Masa Filo CROUSTIPATE",
    "description": "Masa Filo 250 Gr",
    "category": "Refrigeradas",
    "url": "https://tienda.consum.es/es/p/masa-filo/7195410",
    "price": 1.9,
    "reference_price": 7.6,
    "iva": 10,
    "reference_unit": "1 Kg",
    "date": "2023-01-17"
  },
  {
    "id": 14938,
    "name": "Anchoas en Salmuera BRUIMAR",
    "description": "Anchoas en Salmuera 210 Gr",
    "category": "Anchoas",
    "url": "https://tienda.consum.es/es/p/anchoas-en-salmuera/7213887",
    "price": 3.99,
    "reference_price": 19,
    "iva": 10,
    "reference_unit": "1 Kg",
    "date": "2023-01-17"
  },
  {
    "id": 14939,
    "name": "Philadelphia Light Tarrina PHILADELPHIA",
    "description": "Philadelphia Light Tarrina 350 Gr",
    "category": "Quesos Para untar",
    "url": "https://tienda.consum.es/es/p/philadelphia-light-tarrina/7214765",
    "price": 3.55,
    "reference_price": 10.14,
    "iva": 0,
    "reference_unit": "1 Kg",
    "date": "2023-01-17"
  },
  {
    "id": 14948,
    "name": "Batido Cacao 0% Botella CACAOLAT",
    "description": "Batido Cacao 0% Botella 1 L",
    "category": "Batidos y cafés",
    "url": "https://tienda.consum.es/es/p/batido-cacao-0-botella/7221732",
    "price": 2.5,
    "reference_price": 2.5,
    "iva": 10,
    "reference_unit": "1 L",
    "date": "2023-01-17"
  },
  {
    "id": 14949,
    "name": "Yogur Sabor Macedonia Fresa, Galleta y Plátano DANONE",
    "description": "Yogur Sabor Macedonia Fresa, Galleta y Plátano 12 x 120 Gr",
    "category": "Yogur sabores",
    "url": "https://tienda.consum.es/es/p/yogur-sabor-macedonia-fresa-galleta-y-platano/7222180",
    "price": 3.29,
    "reference_price": 2.28,
    "iva": 10,
    "reference_unit": "1 Kg",
    "date": "2023-01-17"
  },
  {
    "id": 14954,
    "name": "Membrillo en Lonchas SANTA TERESA",
    "description": "Membrillo en Lonchas 150 Gr",
    "category": "Membrillos y compotas",
    "url": "https://tienda.consum.es/es/p/membrillo-en-lonchas/7225019",
    "price": 3.05,
    "reference_price": 20.33,
    "iva": 10,
    "reference_unit": "1 Kg",
    "date": "2023-01-17"
  },
  {
    "id": 14960,
    "name": "Helado de Fresa 460 Ml. HAAGEN DAZS",
    "description": "Helado de Fresa 460 Ml. 400 Gr",
    "category": "Tarrinas",
    "url": "https://tienda.consum.es/es/p/helado-de-fresa-460-ml/7231731",
    "price": 6.99,
    "reference_price": 17.48,
    "iva": 10,
    "reference_unit": "1 Kg",
    "date": "2023-01-17"
  },
  {
    "id": 14969,
    "name": "Smarties Mix In Bicompartimentado NESTLE",
    "description": "Smarties Mix In Bicompartimentado 2 x 128 Gr",
    "category": "Petit e infantiles",
    "url": "https://tienda.consum.es/es/p/smarties-mix-in-bicompartimentado/7242910",
    "price": 1.99,
    "reference_price": 7.77,
    "iva": 10,
    "reference_unit": "1 Kg",
    "date": "2023-01-17"
  },
  {
    "id": 14972,
    "name": "Destroza Este Diario Keri Smith PAIDOS",
    "description": "Destroza Este Diario Keri Smith 1 U",
    "category": "Librería",
    "url": "https://tienda.consum.es/es/p/destroza-este-diario-keri-smith/7245657",
    "price": 9.95,
    "reference_price": 9.95,
    "iva": 4,
    "reference_unit": "1 U",
    "date": "2023-01-17"
  },
  {
    "id": 14980,
    "name": "Carrot Cake Tarta de Zanahoria ",
    "description": "Carrot Cake Tarta de Zanahoria 770 Gr",
    "category": "Tartas ",
    "url": "https://tienda.consum.es/es/p/carrot-cake-tarta-de-zanahoria/7252641",
    "price": 11,
    "reference_price": 14.29,
    "iva": 10,
    "reference_unit": "1 Kg",
    "date": "2023-01-17"
  },
  {
    "id": 14994,
    "name": "Vino Blanco Chardonnay D.O.Alicante E.MENDOZA",
    "description": "Vino Blanco Chardonnay D.O.Alicante 0,75 L",
    "category": "Vinos d.o",
    "url": "https://tienda.consum.es/es/p/vino-blanco-chardonnay-doalicante/7257611",
    "price": 8.29,
    "reference_price": 11.05,
    "iva": 21,
    "reference_unit": "1 L",
    "date": "2023-01-17"
  },
  {
    "id": 15006,
    "name": "Vino Blanco Verdejo D.O.Valdepeñas VIÑA ALBALI",
    "description": "Vino Blanco Verdejo D.O.Valdepeñas 0,75 L",
    "category": "Vinos d.o",
    "url": "https://tienda.consum.es/es/p/vino-blanco-verdejo-dovaldepenas/7259963",
    "price": 3.45,
    "reference_price": 4.6,
    "iva": 21,
    "reference_unit": "1 L",
    "date": "2023-01-17"
  },
  {
    "id": 15009,
    "name": "Servilleta 3 Capas Blanca 40x40 CONSUM",
    "description": "Servilleta 3 Capas Blanca 40x40 50 U",
    "category": "Servilletas de papel",
    "url": "https://tienda.consum.es/es/p/servilleta-3-capas-blanca-40x40/7262678",
    "price": 2.79,
    "reference_price": 0.06,
    "iva": 21,
    "reference_unit": "1 U",
    "date": "2023-01-17"
  },
  {
    "id": 15017,
    "name": "Barrita con Fruta Para Periquitos BIOZOO",
    "description": "Barrita con Fruta Para Periquitos 2 U",
    "category": "Comida para otras mascotas",
    "url": "https://tienda.consum.es/es/p/barrita-con-fruta-para-periquitos/7265031",
    "price": 1.06,
    "reference_price": 0.53,
    "iva": 10,
    "reference_unit": "1 U",
    "date": "2023-01-17"
  },
  {
    "id": 15018,
    "name": "Barrita Fruta Para Canarios BIOZOO",
    "description": "Barrita Fruta Para Canarios 60 Gr",
    "category": "Comida para otras mascotas",
    "url": "https://tienda.consum.es/es/p/barrita-fruta-para-canarios/7265044",
    "price": 1.06,
    "reference_price": 17.67,
    "iva": 10,
    "reference_unit": "1 Kg",
    "date": "2023-01-17"
  },
  {
    "id": 15019,
    "name": "Barrita con Miel Para Periquitos BIOZOO",
    "description": "Barrita con Miel Para Periquitos 2 U",
    "category": "Comida para otras mascotas",
    "url": "https://tienda.consum.es/es/p/barrita-con-miel-para-periquitos/7265049",
    "price": 1.06,
    "reference_price": 0.53,
    "iva": 10,
    "reference_unit": "1 U",
    "date": "2023-01-17"
  },
  {
    "id": 15020,
    "name": "Barrita con Miel Para Canarios BIOZOO",
    "description": "Barrita con Miel Para Canarios 2 U",
    "category": "Comida para otras mascotas",
    "url": "https://tienda.consum.es/es/p/barrita-con-miel-para-canarios/7265069",
    "price": 1.06,
    "reference_price": 0.53,
    "iva": 10,
    "reference_unit": "1 U",
    "date": "2023-01-17"
  },
  {
    "id": 15024,
    "name": "Cappuccino Natural Soluble NESCAFE",
    "description": "Cappuccino Natural Soluble 250 Gr",
    "category": "Café Soluble ",
    "url": "https://tienda.consum.es/es/p/cappuccino-natural-soluble/7266096",
    "price": 3.95,
    "reference_price": 15.8,
    "iva": 10,
    "reference_unit": "1 Kg",
    "date": "2023-01-17"
  },
  {
    "id": 15030,
    "name": "Pechuga de Pavo Braseada Finíssimas CAMPOFRÍO",
    "description": "Pechuga de Pavo Braseada Finíssimas 115 Gr",
    "category": "Fiambres ave",
    "url": "https://tienda.consum.es/es/p/pechuga-de-pavo-braseada-finissimas/7268279",
    "price": 1.89,
    "reference_price": 16.43,
    "iva": 10,
    "reference_unit": "1 Kg",
    "date": "2023-01-17"
  },
  {
    "id": 15032,
    "name": "Lomo Curado Reducido en Sal NAVIDUL",
    "description": "Lomo Curado Reducido en Sal 40 Gr",
    "category": "Otros curados",
    "url": "https://tienda.consum.es/es/p/lomo-curado-reducido-en-sal/7268357",
    "price": 1,
    "reference_price": 2.5,
    "iva": 10,
    "reference_unit": "100 Gr",
    "date": "2023-01-17"
  },
  {
    "id": 5257,
    "name": "Bolsa de Serrín 1 kg A.LEVANTE",
    "description": "Bolsa de Serrín 1 kg 1 U",
    "category": "Otros utensilios de limpieza",
    "url": "https://tienda.consum.es/es/p/bolsa-de-serrin-1-kg/2700029",
    "price": 0.75,
    "reference_price": 0.75,
    "iva": 21,
    "reference_unit": "1 U",
    "date": "2023-01-17"
  },
  {
    "id": 5258,
    "name": "Muesli sin Azúcar ALPEN",
    "description": "Muesli sin Azúcar 560 Gr",
    "category": "Muesli",
    "url": "https://tienda.consum.es/es/p/muesli-sin-azucar/2715118",
    "price": 4.29,
    "reference_price": 7.66,
    "iva": 10,
    "reference_unit": "1 Kg",
    "date": "2023-01-17"
  },
  {
    "id": 5259,
    "name": "Hélices Ensaladas Paquete GALLO",
    "description": "Hélices Ensaladas Paquete 450 Gr",
    "category": "Otras pastas secas",
    "url": "https://tienda.consum.es/es/p/helices-ensaladas-paquete/2717163",
    "price": 1.7,
    "reference_price": 3.78,
    "iva": 5,
    "reference_unit": "1 Kg",
    "date": "2023-01-17"
  },
  {
    "id": 5262,
    "name": "Café Natural Molido Solidario INTERMON",
    "description": "Café Natural Molido Solidario 250 Gr",
    "category": "Café Molido natural",
    "url": "https://tienda.consum.es/es/p/cafe-natural-molido-solidario/2725885",
    "price": 3.05,
    "reference_price": 12.2,
    "iva": 10,
    "reference_unit": "1 Kg",
    "date": "2023-01-17"
  },
  {
    "id": 5264,
    "name": "Crema Age Perfect Noche L'OREAL",
    "description": "Crema Age Perfect Noche 50 ml",
    "category": "Hidratación",
    "url": "https://tienda.consum.es/es/p/crema-age-perfect-noche/2826436",
    "price": 9.95,
    "reference_price": 19.9,
    "iva": 21,
    "reference_unit": "100 ml",
    "date": "2023-01-17"
  },
  {
    "id": 5265,
    "name": "Crema Age Perfect Día L'OREAL",
    "description": "Crema Age Perfect Día 50 ml",
    "category": "Hidratación",
    "url": "https://tienda.consum.es/es/p/crema-age-perfect-dia/2826568",
    "price": 9.95,
    "reference_price": 19.9,
    "iva": 21,
    "reference_unit": "100 ml",
    "date": "2023-01-17"
  },
  {
    "id": 5266,
    "name": "Pan Molde Sin Corteza BIMBO",
    "description": "Pan Molde Sin Corteza 450 Gr",
    "category": "Pan de molde",
    "url": "https://tienda.consum.es/es/p/pan-molde-sin-corteza/2842854",
    "price": 2.29,
    "reference_price": 5.09,
    "iva": 10,
    "reference_unit": "1 Kg",
    "date": "2023-01-17"
  },
  {
    "id": 5269,
    "name": "Tónica Botella SCHWEPPES",
    "description": "Tónica Botella 1 L",
    "category": "Tónica",
    "url": "https://tienda.consum.es/es/p/tonica-botella/2972354",
    "price": 1.85,
    "reference_price": 1.85,
    "iva": 21,
    "reference_unit": "1 L",
    "date": "2023-01-17"
  },
  {
    "id": 5270,
    "name": "Café Grano Natural BONKA",
    "description": "Café Grano Natural 500 Gr",
    "category": "Café Grano",
    "url": "https://tienda.consum.es/es/p/cafe-grano-natural/3000072",
    "price": 5.85,
    "reference_price": 11.7,
    "iva": 10,
    "reference_unit": "1 Kg",
    "date": "2023-01-17"
  },
  {
    "id": 5272,
    "name": "Burger Americana 2 Unidades ROLER",
    "description": "Burger Americana 2 Unidades 300 Gr",
    "category": "Picadas y hamburguesas",
    "url": "https://tienda.consum.es/es/p/burger-americana-2-unidades/3053253",
    "price": 3.89,
    "reference_price": 12.97,
    "iva": 10,
    "reference_unit": "1 Kg",
    "date": "2023-01-17"
  },
  {
    "id": 5274,
    "name": "Vino Tino Reserva D.O.Mancha ESTOLA",
    "description": "Vino Tino Reserva D.O.Mancha 0,75 L",
    "category": "Vinos d.o",
    "url": "https://tienda.consum.es/es/p/vino-tino-reserva-domancha/3068137",
    "price": 3.89,
    "reference_price": 5.19,
    "iva": 21,
    "reference_unit": "1 L",
    "date": "2023-01-17"
  },
  {
    "id": 5275,
    "name": "Vino Blanco D.O.Alicante MARINA ALTA",
    "description": "Vino Blanco D.O.Alicante 0,75 L",
    "category": "Vinos d.o",
    "url": "https://tienda.consum.es/es/p/vino-blanco-doalicante/3087517",
    "price": 5,
    "reference_price": 6.67,
    "iva": 21,
    "reference_unit": "1 L",
    "date": "2023-01-17"
  },
  {
    "id": 5277,
    "name": "Morcilla de Burgos MARI PAZ",
    "description": "Morcilla de Burgos 265 Gr",
    "category": "Embutido",
    "url": "https://tienda.consum.es/es/p/morcilla-de-burgos/3189669",
    "price": 1.39,
    "reference_price": 5.25,
    "iva": 10,
    "reference_unit": "1 Kg",
    "date": "2023-01-17"
  },
  {
    "id": 5279,
    "name": "Allioli Mortero CHOVI",
    "description": "Allioli Mortero 180 ml",
    "category": "Salsas refrigeradas",
    "url": "https://tienda.consum.es/es/p/allioli-mortero/3233954",
    "price": 1.59,
    "reference_price": 8.83,
    "iva": 10,
    "reference_unit": "1 L",
    "date": "2023-01-17"
  },
  {
    "id": 5280,
    "name": "Refresco Cola Bipack Indivisible COCA-COLA",
    "description": "Refresco Cola Bipack Indivisible 2 x 2 L",
    "category": "Cola",
    "url": "https://tienda.consum.es/es/p/refresco-cola-bipack-indivisible/3278231",
    "price": 4,
    "reference_price": 1,
    "iva": 21,
    "reference_unit": "1 L",
    "date": "2023-01-17"
  },
  {
    "id": 5281,
    "name": "Desodorante Spray Normal LACTOVIT",
    "description": "Desodorante Spray Normal 200 ml",
    "category": "Spray",
    "url": "https://tienda.consum.es/es/p/desodorante-spray-normal/3301942",
    "price": 3.15,
    "reference_price": 1.58,
    "iva": 21,
    "reference_unit": "100 ml",
    "date": "2023-01-17"
  },
  {
    "id": 5284,
    "name": "Solomillo de Cerdo CONSUM",
    "description": "Solomillo de Cerdo",
    "category": "Cerdo",
    "url": "https://tienda.consum.es/es/p/solomillo-de-cerdo/3339975",
    "price": 4.03,
    "reference_price": 8.05,
    "iva": 10,
    "reference_unit": "1 Kg",
    "date": "2023-01-17"
  },
  {
    "id": 5285,
    "name": "Filete Lomo de Cerdo CONSUM",
    "description": "Filete Lomo de Cerdo",
    "category": "Cerdo",
    "url": "https://tienda.consum.es/es/p/filete-lomo-de-cerdo/3339983",
    "price": 3.15,
    "reference_price": 6.3,
    "iva": 10,
    "reference_unit": "1 Kg",
    "date": "2023-01-17"
  },
  {
    "id": 5286,
    "name": "Cerveza sin Alcohol 0,0 Lata SAN MIGUEL",
    "description": "Cerveza sin Alcohol 0,0 Lata 0,33 L",
    "category": "0, 0 y 0, 9",
    "url": "https://tienda.consum.es/es/p/cerveza-sin-alcohol-00-lata/3347358",
    "price": 0.63,
    "reference_price": 1.91,
    "iva": 21,
    "reference_unit": "1 L",
    "date": "2023-01-17"
  },
  {
    "id": 5287,
    "name": "Chuleta Lomo de Cerdo CONSUM",
    "description": "Chuleta Lomo de Cerdo",
    "category": "Cerdo",
    "url": "https://tienda.consum.es/es/p/chuleta-lomo-de-cerdo/3347499",
    "price": 2.76,
    "reference_price": 4.99,
    "iva": 10,
    "reference_unit": "1 Kg",
    "date": "2023-01-17"
  },
  {
    "id": 5289,
    "name": "Costilla de Cerdo CONSUM",
    "description": "Costilla de Cerdo",
    "category": "Cerdo",
    "url": "https://tienda.consum.es/es/p/costilla-de-cerdo/3347556",
    "price": 4.38,
    "reference_price": 7.27,
    "iva": 10,
    "reference_unit": "1 Kg",
    "date": "2023-01-17"
  },
  {
    "id": 5290,
    "name": "Filetes Panceta de Cerdo CONSUM",
    "description": "Filetes Panceta de Cerdo",
    "category": "Cerdo",
    "url": "https://tienda.consum.es/es/p/filetes-panceta-de-cerdo/3347564",
    "price": 3.27,
    "reference_price": 6.54,
    "iva": 10,
    "reference_unit": "1 Kg",
    "date": "2023-01-17"
  },
  {
    "id": 5291,
    "name": "Estofado de Cerdo CONSUM",
    "description": "Estofado de Cerdo",
    "category": "Cerdo",
    "url": "https://tienda.consum.es/es/p/estofado-de-cerdo/3347606",
    "price": 3.25,
    "reference_price": 5.89,
    "iva": 10,
    "reference_unit": "1 Kg",
    "date": "2023-01-17"
  },
  {
    "id": 5292,
    "name": "Patas de cerdo Bandeja CONSUM",
    "description": "Patas de cerdo Bandeja",
    "category": "Cerdo",
    "url": "https://tienda.consum.es/es/p/patas-de-cerdo-bandeja/3347663",
    "price": 2.34,
    "reference_price": 5.2,
    "iva": 10,
    "reference_unit": "1 Kg",
    "date": "2023-01-17"
  },
  {
    "id": 5294,
    "name": "Caldo de Pollo de la Abuela Brik KNORR",
    "description": "Caldo de Pollo de la Abuela Brik 1 L",
    "category": "Caldos y sopas",
    "url": "https://tienda.consum.es/es/p/caldo-de-pollo-de-la-abuela-brik/3351285",
    "price": 1.95,
    "reference_price": 1.95,
    "iva": 10,
    "reference_unit": "1 L",
    "date": "2023-01-17"
  },
  {
    "id": 5295,
    "name": "Galletas Fibra FLORA",
    "description": "Galletas Fibra 185 Gr",
    "category": "Galletas saludables",
    "url": "https://tienda.consum.es/es/p/galletas-fibra/3368420",
    "price": 1.65,
    "reference_price": 8.92,
    "iva": 10,
    "reference_unit": "1 Kg",
    "date": "2023-01-17"
  },
  {
    "id": 5296,
    "name": "Uva Blanca sin Semillas ",
    "description": "Uva Blanca sin Semillas 500 Gr",
    "category": "Manzana, pera y plátano",
    "url": "https://tienda.consum.es/es/p/uva-blanca-sin-semillas/3401502",
    "price": 2.68,
    "reference_price": 5.36,
    "iva": 0,
    "reference_unit": "1 Kg",
    "date": "2023-01-17"
  },
  {
    "id": 5297,
    "name": "Leche Condensada LA LECHERA",
    "description": "Leche Condensada 450 Gr",
    "category": "Condensada",
    "url": "https://tienda.consum.es/es/p/leche-condensada/3434826",
    "price": 2.67,
    "reference_price": 5.93,
    "iva": 10,
    "reference_unit": "1 Kg",
    "date": "2023-01-17"
  },
  {
    "id": 5298,
    "name": "Enjuague Bucal Mentol LISTERINE",
    "description": "Enjuague Bucal Mentol 500 ml",
    "category": "Antisépticos y enjuagues",
    "url": "https://tienda.consum.es/es/p/enjuague-bucal-mentol/3499043",
    "price": 5.35,
    "reference_price": 1.07,
    "iva": 21,
    "reference_unit": "100 ml",
    "date": "2023-01-17"
  },
  {
    "id": 5299,
    "name": "Tinte Nº9 Rubio Claro Clarisimo LLONGUERAS",
    "description": "Tinte Nº9 Rubio Claro Clarisimo 1 U",
    "category": "Coloración",
    "url": "https://tienda.consum.es/es/p/tinte-n9-rubio-claro-clarisimo/3507001",
    "price": 6.59,
    "reference_price": 6.59,
    "iva": 21,
    "reference_unit": "1 U",
    "date": "2023-01-17"
  },
  {
    "id": 5300,
    "name": "Tinte Nº8 Rubio LLONGUERAS",
    "description": "Tinte Nº8 Rubio 1 U",
    "category": "Coloración",
    "url": "https://tienda.consum.es/es/p/tinte-n8-rubio/3507019",
    "price": 6.59,
    "reference_price": 6.59,
    "iva": 21,
    "reference_unit": "1 U",
    "date": "2023-01-17"
  },
  {
    "id": 5302,
    "name": "Espuma Rizos Style FRUCTIS",
    "description": "Espuma Rizos Style 200 ml",
    "category": "Espumas y mousses",
    "url": "https://tienda.consum.es/es/p/espuma-rizos-style/3715232",
    "price": 2.95,
    "reference_price": 1.48,
    "iva": 21,
    "reference_unit": "100 ml",
    "date": "2023-01-17"
  },
  {
    "id": 5303,
    "name": "Cereales Chocolate Mini WEETABIX",
    "description": "Cereales Chocolate Mini 450 Gr",
    "category": "Cereales",
    "url": "https://tienda.consum.es/es/p/cereales-chocolate-mini/3760691",
    "price": 2.99,
    "reference_price": 6.64,
    "iva": 10,
    "reference_unit": "1 Kg",
    "date": "2023-01-17"
  },
  {
    "id": 5304,
    "name": "Queso Fresco Cassoleta Tarrina GRANJA RINYA",
    "description": "Queso Fresco Cassoleta Tarrina 250 Gr",
    "category": "Frescos y para ensaladas",
    "url": "https://tienda.consum.es/es/p/queso-fresco-cassoleta-tarrina/3779436",
    "price": 2.39,
    "reference_price": 9.56,
    "iva": 0,
    "reference_unit": "1 Kg",
    "date": "2023-01-17"
  },
  {
    "id": 5305,
    "name": "Preparado Arroz al Horno CONSUM",
    "description": "Preparado Arroz al Horno",
    "category": "Cerdo",
    "url": "https://tienda.consum.es/es/p/preparado-arroz-al-horno/3817145",
    "price": 4.58,
    "reference_price": 7,
    "iva": 10,
    "reference_unit": "1 Kg",
    "date": "2023-01-17"
  },
  {
    "id": 5306,
    "name": "Bebida Isotónica Ice Storm Botella POWERADE",
    "description": "Bebida Isotónica Ice Storm Botella 0,5 L",
    "category": "Isotónicas botella",
    "url": "https://tienda.consum.es/es/p/bebida-isotonica-ice-storm-botella/3913001",
    "price": 1.25,
    "reference_price": 2.5,
    "iva": 21,
    "reference_unit": "1 L",
    "date": "2023-01-17"
  },
  {
    "id": 5311,
    "name": "Taquitos Paleta Cocida Pack de 2 Unidades CAMPOFRÍO",
    "description": "Taquitos Paleta Cocida Pack de 2 Unidades 2 x 75 Gr",
    "category": "Jamón cocido - york",
    "url": "https://tienda.consum.es/es/p/taquitos-paleta-cocida-pack-de-2-unidades/4218616",
    "price": 2.15,
    "reference_price": 14.33,
    "iva": 10,
    "reference_unit": "1 Kg",
    "date": "2023-01-17"
  },
  {
    "id": 5312,
    "name": "Pizza Jamón y Queso Pack de 2 Unidades TARRADELLAS",
    "description": "Pizza Jamón y Queso Pack de 2 Unidades 2 x 220 Gr",
    "category": "Pizza refrigerada",
    "url": "https://tienda.consum.es/es/p/pizza-jamon-y-queso-pack-de-2-unidades/4222840",
    "price": 3.19,
    "reference_price": 7.25,
    "iva": 10,
    "reference_unit": "1 Kg",
    "date": "2023-01-17"
  },
  {
    "id": 5313,
    "name": "Queso Fresco 0% Pack de 3 Unidades ARIAS",
    "description": "Queso Fresco 0% Pack de 3 Unidades 3 x 72 Gr",
    "category": "Frescos y para ensaladas",
    "url": "https://tienda.consum.es/es/p/queso-fresco-0-pack-de-3-unidades/4237582",
    "price": 2.88,
    "reference_price": 13.33,
    "iva": 0,
    "reference_unit": "1 Kg",
    "date": "2023-01-17"
  },
  {
    "id": 5315,
    "name": "Protegeslip Flexiform CAREFREE",
    "description": "Protegeslip Flexiform 30 U",
    "category": "Compresas y protegeslips",
    "url": "https://tienda.consum.es/es/p/protegeslip-flexiform/4360475",
    "price": 1.79,
    "reference_price": 0.06,
    "iva": 4,
    "reference_unit": "1 U",
    "date": "2023-01-17"
  },
  {
    "id": 5316,
    "name": "Pechuga de Pavo Finíssimas CAMPOFRÍO",
    "description": "Pechuga de Pavo Finíssimas 115 Gr",
    "category": "Fiambres ave",
    "url": "https://tienda.consum.es/es/p/pechuga-de-pavo-finissimas/4382800",
    "price": 1.79,
    "reference_price": 15.57,
    "iva": 10,
    "reference_unit": "1 Kg",
    "date": "2023-01-17"
  },
  {
    "id": 5317,
    "name": "Jamón Cocido Finíssimas CAMPOFRÍO",
    "description": "Jamón Cocido Finíssimas 115 Gr",
    "category": "Jamón cocido - york",
    "url": "https://tienda.consum.es/es/p/jamon-cocido-finissimas/4382818",
    "price": 1.79,
    "reference_price": 15.57,
    "iva": 10,
    "reference_unit": "1 Kg",
    "date": "2023-01-17"
  },
  {
    "id": 5318,
    "name": "Gel Fijador Wet Look Fuerte FRUCTIS",
    "description": "Gel Fijador Wet Look Fuerte 200 ml",
    "category": "Gel y cera",
    "url": "https://tienda.consum.es/es/p/gel-fijador-wet-look-fuerte/4451027",
    "price": 2.75,
    "reference_price": 1.38,
    "iva": 21,
    "reference_unit": "100 ml",
    "date": "2023-01-17"
  },
  {
    "id": 5319,
    "name": "Apio Verde Peso Aproximado 550 gr ",
    "description": "Apio Verde Peso Aproximado 550 gr 0,55 Kg",
    "category": "Otras verduras",
    "url": "https://tienda.consum.es/es/p/apio-verde-peso-aproximado-550-gr/4461810",
    "price": 1.72,
    "reference_price": 3.13,
    "iva": 0,
    "reference_unit": "1 Kg",
    "date": "2023-01-17"
  },
  {
    "id": 5320,
    "name": "Zanahoria Tierna Bolsa ",
    "description": "Zanahoria Tierna Bolsa 500 Gr",
    "category": "Zanahorias y otras raíces",
    "url": "https://tienda.consum.es/es/p/zanahoria-tierna-bolsa/4501375",
    "price": 0.66,
    "reference_price": 1.32,
    "iva": 0,
    "reference_unit": "1 Kg",
    "date": "2023-01-17"
  },
  {
    "id": 5321,
    "name": "Zanahoria de Mesa Bolsa ",
    "description": "Zanahoria de Mesa Bolsa 1 Kg",
    "category": "Zanahorias y otras raíces",
    "url": "https://tienda.consum.es/es/p/zanahoria-de-mesa-bolsa/4501508",
    "price": 0.82,
    "reference_price": 0.82,
    "iva": 0,
    "reference_unit": "1 Kg",
    "date": "2023-01-17"
  },
  {
    "id": 5322,
    "name": "Yogolino de Fresa Pack de 4 NESTLE",
    "description": "Yogolino de Fresa Pack de 4 4 x 100 Gr",
    "category": "Alimentación infantil",
    "url": "https://tienda.consum.es/es/p/yogolino-de-fresa-pack-de-4/4507455",
    "price": 2.75,
    "reference_price": 6.88,
    "iva": 10,
    "reference_unit": "1 Kg",
    "date": "2023-01-17"
  },
  {
    "id": 5323,
    "name": "Carrillada de Cerdo CONSUM",
    "description": "Carrillada de Cerdo",
    "category": "Cerdo",
    "url": "https://tienda.consum.es/es/p/carrillada-de-cerdo/4532016",
    "price": 4.58,
    "reference_price": 11.45,
    "iva": 10,
    "reference_unit": "1 Kg",
    "date": "2023-01-17"
  },
  {
    "id": 5324,
    "name": "Bifrutas Tropical Pack de 3 BIFRUTAS",
    "description": "Bifrutas Tropical Pack de 3 3 x 330 ml",
    "category": "Zumos con leche",
    "url": "https://tienda.consum.es/es/p/bifrutas-tropical-pack-de-3/4534566",
    "price": 2.39,
    "reference_price": 2.41,
    "iva": 21,
    "reference_unit": "1 L",
    "date": "2023-01-17"
  },
  {
    "id": 5326,
    "name": "Allioli Mortero Mini CHOVI",
    "description": "Allioli Mortero Mini 70 ml",
    "category": "Salsas refrigeradas",
    "url": "https://tienda.consum.es/es/p/allioli-mortero-mini/4536959",
    "price": 0.79,
    "reference_price": 11.29,
    "iva": 10,
    "reference_unit": "1 L",
    "date": "2023-01-17"
  },
  {
    "id": 5328,
    "name": "Vino Tinto Reserva D.O.Utiel-Requena HOYA CADENAS",
    "description": "Vino Tinto Reserva D.O.Utiel-Requena 0,75 L",
    "category": "Vinos d.o",
    "url": "https://tienda.consum.es/es/p/vino-tinto-reserva-doutiel-requena/4558771",
    "price": 3.2,
    "reference_price": 4.27,
    "iva": 21,
    "reference_unit": "1 L",
    "date": "2023-01-17"
  },
  {
    "id": 5329,
    "name": "Vino Tinto Joven D.O.Valencia CAST.LIRIA",
    "description": "Vino Tinto Joven D.O.Valencia 0,75 L - Castillo de Liria",
    "category": "Vinos d.o",
    "url": "https://tienda.consum.es/es/p/vino-tinto-joven-dovalencia/4558797",
    "price": 2.58,
    "reference_price": 3.44,
    "iva": 21,
    "reference_unit": "1 L",
    "date": "2023-01-17"
  },
  {
    "id": 5330,
    "name": "Vino Blanco D.O.Valencia CAST.LIRIA",
    "description": "Vino Blanco D.O.Valencia 0,75 L - Castillo de Liria",
    "category": "Vinos d.o",
    "url": "https://tienda.consum.es/es/p/vino-blanco-dovalencia/4558821",
    "price": 2.58,
    "reference_price": 3.44,
    "iva": 21,
    "reference_unit": "1 L",
    "date": "2023-01-17"
  },
  {
    "id": 5332,
    "name": "Chocolate Extrafino Lacasitos LACASA",
    "description": "Chocolate Extrafino Lacasitos 100 Gr",
    "category": "Tabletas",
    "url": "https://tienda.consum.es/es/p/chocolate-extrafino-lacasitos/4796793",
    "price": 1.4,
    "reference_price": 14,
    "iva": 10,
    "reference_unit": "1 Kg",
    "date": "2023-01-17"
  },
  {
    "id": 5333,
    "name": "Queso Oveja Cuña FLOR ESGUEVA",
    "description": "Queso Oveja Cuña 250 Gr",
    "category": "Quesos Curados",
    "url": "https://tienda.consum.es/es/p/queso-oveja-cuna/4908406",
    "price": 5.18,
    "reference_price": 20.72,
    "iva": 0,
    "reference_unit": "1 Kg",
    "date": "2023-01-17"
  },
  {
    "id": 5334,
    "name": "Jamón Cocido Bonnatur ARGAL",
    "description": "Jamón Cocido Bonnatur 140 Gr",
    "category": "Jamón cocido - york",
    "url": "https://tienda.consum.es/es/p/jamon-cocido-bonnatur/4954442",
    "price": 2.19,
    "reference_price": 15.64,
    "iva": 10,
    "reference_unit": "1 Kg",
    "date": "2023-01-17"
  },
  {
    "id": 5335,
    "name": "Nata Líquida Cocinar Brik ASTURIANA",
    "description": "Nata Líquida Cocinar Brik 0,5 L",
    "category": "Nata para cocinar",
    "url": "https://tienda.consum.es/es/p/nata-liquida-cocinar-brik/4990735",
    "price": 2.75,
    "reference_price": 5.5,
    "iva": 10,
    "reference_unit": "1 L",
    "date": "2023-01-17"
  },
  {
    "id": 5337,
    "name": "Chuletas Palo/Riñonada CONSUM",
    "description": "Chuletas Palo/Riñonada",
    "category": "Cordero",
    "url": "https://tienda.consum.es/es/p/chuletas-palo/rinonada/5018221",
    "price": 9.58,
    "reference_price": 23.95,
    "iva": 10,
    "reference_unit": "1 Kg",
    "date": "2023-01-17"
  },
  {
    "id": 5340,
    "name": "Tónico Facial Puntos Negros CLEAN&CLEAR",
    "description": "Tónico Facial Puntos Negros 200 ml",
    "category": "Limpieza y desmaquilladores",
    "url": "https://tienda.consum.es/es/p/tonico-facial-puntos-negros/5135124",
    "price": 4.99,
    "reference_price": 2.5,
    "iva": 21,
    "reference_unit": "100 ml",
    "date": "2023-01-17"
  },
  {
    "id": 5343,
    "name": "Gallina para Caldo CONSUM",
    "description": "Gallina para Caldo",
    "category": "Aves y conejo",
    "url": "https://tienda.consum.es/es/p/gallina-para-caldo/5154539",
    "price": 2.21,
    "reference_price": 4.9,
    "iva": 10,
    "reference_unit": "1 Kg",
    "date": "2023-01-17"
  },
  {
    "id": 5346,
    "name": "Alas de Pollo CONSUM",
    "description": "Alas de Pollo",
    "category": "Aves y conejo",
    "url": "https://tienda.consum.es/es/p/alas-de-pollo/5336235",
    "price": 3.53,
    "reference_price": 4.7,
    "iva": 10,
    "reference_unit": "1 Kg",
    "date": "2023-01-17"
  },
  {
    "id": 5347,
    "name": "Pollo Troceado CONSUM",
    "description": "Pollo Troceado",
    "category": "Aves y conejo",
    "url": "https://tienda.consum.es/es/p/pollo-troceado/5336268",
    "price": 3.86,
    "reference_price": 4.29,
    "iva": 10,
    "reference_unit": "1 Kg",
    "date": "2023-01-17"
  },
  {
    "id": 5348,
    "name": "Espinazo de Cerdo CONSUM",
    "description": "Espinazo de Cerdo",
    "category": "Cerdo",
    "url": "https://tienda.consum.es/es/p/espinazo-de-cerdo/5437884",
    "price": 1.08,
    "reference_price": 4.3,
    "iva": 10,
    "reference_unit": "1 Kg",
    "date": "2023-01-17"
  },
  {
    "id": 5350,
    "name": "Crema Adhesiva Dentadura Postiza POLIDENT",
    "description": "Crema Adhesiva Dentadura Postiza 40 Gr",
    "category": "Higiene bucal",
    "url": "https://tienda.consum.es/es/p/crema-adhesiva-dentadura-postiza/5499306",
    "price": 4.8,
    "reference_price": 12,
    "iva": 10,
    "reference_unit": "100 Gr",
    "date": "2023-01-17"
  },
  {
    "id": 5351,
    "name": "Galletas Integrales Marie LU",
    "description": "Galletas Integrales Marie 520 Gr",
    "category": "Galletas saludables",
    "url": "https://tienda.consum.es/es/p/galletas-integrales-marie/5501978",
    "price": 3,
    "reference_price": 5.77,
    "iva": 10,
    "reference_unit": "1 Kg",
    "date": "2023-01-17"
  },
  {
    "id": 5352,
    "name": "Special K con Frutas Rojas KELLOGG'S",
    "description": "Special K con Frutas Rojas 300 Gr",
    "category": "Cereales",
    "url": "https://tienda.consum.es/es/p/special-k-con-frutas-rojas/5513478",
    "price": 3.69,
    "reference_price": 12.3,
    "iva": 10,
    "reference_unit": "1 Kg",
    "date": "2023-01-17"
  },
  {
    "id": 5353,
    "name": "Anillos a la Romana sin Gluten congelados PESCANOVA",
    "description": "Anillos a la Romana sin Gluten congelados 400 Gr",
    "category": "Pescados y mariscos",
    "url": "https://tienda.consum.es/es/p/anillos-a-la-romana-sin-gluten-congelados/5524400",
    "price": 3.59,
    "reference_price": 8.98,
    "iva": 10,
    "reference_unit": "1 Kg",
    "date": "2023-01-17"
  },
  {
    "id": 5354,
    "name": "Berenjena Negra ",
    "description": "Berenjena Negra",
    "category": "Otras verduras",
    "url": "https://tienda.consum.es/es/p/berenjena-negra/5526686",
    "price": 0.92,
    "reference_price": 2.39,
    "iva": 0,
    "reference_unit": "1 Kg",
    "date": "2023-01-17"
  },
  {
    "id": 5355,
    "name": "Calabacin Verde ",
    "description": "Calabacin Verde",
    "category": "Calabaza y calabacín",
    "url": "https://tienda.consum.es/es/p/calabacin-verde/5526694",
    "price": 0.83,
    "reference_price": 1.82,
    "iva": 0,
    "reference_unit": "1 Kg",
    "date": "2023-01-17"
  },
  {
    "id": 5356,
    "name": "Cous Cous Mediano Caja GALLO",
    "description": "Cous Cous Mediano Caja 500 Gr",
    "category": "Pastas",
    "url": "https://tienda.consum.es/es/p/cous-cous-mediano-caja/5535125",
    "price": 1.9,
    "reference_price": 3.8,
    "iva": 5,
    "reference_unit": "1 Kg",
    "date": "2023-01-17"
  },
  {
    "id": 5357,
    "name": "Rooibos con Vainilla 20 Bolsitas POMPADOUR",
    "description": "Rooibos con Vainilla 20 Bolsitas 20 U",
    "category": "Té",
    "url": "https://tienda.consum.es/es/p/rooibos-con-vainilla-20-bolsitas/5542378",
    "price": 2.75,
    "reference_price": 0.14,
    "iva": 10,
    "reference_unit": "1 U",
    "date": "2023-01-17"
  },
  {
    "id": 5360,
    "name": "Refresco Naranja Zero Botella FANTA",
    "description": "Refresco Naranja Zero Botella 2 L",
    "category": "Naranja",
    "url": "https://tienda.consum.es/es/p/refresco-naranja-zero-botella/5547518",
    "price": 1.75,
    "reference_price": 0.88,
    "iva": 21,
    "reference_unit": "1 L",
    "date": "2023-01-17"
  },
  {
    "id": 5361,
    "name": "Refresco Naranja Zero Lata FANTA",
    "description": "Refresco Naranja Zero Lata 0,33 L",
    "category": "Naranja",
    "url": "https://tienda.consum.es/es/p/refresco-naranja-zero-lata/5547526",
    "price": 0.7,
    "reference_price": 2.12,
    "iva": 21,
    "reference_unit": "1 L",
    "date": "2023-01-17"
  },
  {
    "id": 5364,
    "name": "Leche Condensada Desnatada LA LECHERA",
    "description": "Leche Condensada Desnatada 450 Gr",
    "category": "Condensada",
    "url": "https://tienda.consum.es/es/p/leche-condensada-desnatada/5743596",
    "price": 2.67,
    "reference_price": 5.93,
    "iva": 10,
    "reference_unit": "1 Kg",
    "date": "2023-01-17"
  },
  {
    "id": 5365,
    "name": "Batido Cola Cao Energy Pack de 3 Botellin COLA CAO",
    "description": "Batido Cola Cao Energy Pack de 3 Botellin 3 x 188 ml",
    "category": "Batidos y cafés",
    "url": "https://tienda.consum.es/es/p/batido-cola-cao-energy-pack-de-3-botellin/5778147",
    "price": 2.19,
    "reference_price": 3.88,
    "iva": 10,
    "reference_unit": "1 L",
    "date": "2023-01-17"
  },
  {
    "id": 5366,
    "name": "Pechuga de Pavo Fileteada CONSUM",
    "description": "Pechuga de Pavo Fileteada",
    "category": "Aves y conejo",
    "url": "https://tienda.consum.es/es/p/pechuga-de-pavo-fileteada/5848916",
    "price": 4.5,
    "reference_price": 8.99,
    "iva": 10,
    "reference_unit": "1 Kg",
    "date": "2023-01-17"
  },
  {
    "id": 5367,
    "name": "Conejo Entero CONSUM",
    "description": "Conejo Entero",
    "category": "Aves y conejo",
    "url": "https://tienda.consum.es/es/p/conejo-entero/5859160",
    "price": 9.22,
    "reference_price": 7.65,
    "iva": 10,
    "reference_unit": "1 Kg",
    "date": "2023-01-17"
  },
  {
    "id": 5372,
    "name": "Cintas de Bacón Pack de 2 Unidades MONELLS",
    "description": "Cintas de Bacón Pack de 2 Unidades 2 x 100 Gr",
    "category": "Bacon y panceta",
    "url": "https://tienda.consum.es/es/p/cintas-de-bacon-pack-de-2-unidades/5948591",
    "price": 1.8,
    "reference_price": 9,
    "iva": 10,
    "reference_unit": "1 Kg",
    "date": "2023-01-17"
  },
  {
    "id": 5373,
    "name": "Escalope de Pollo CONSUM",
    "description": "Escalope de Pollo",
    "category": "Aves y conejo",
    "url": "https://tienda.consum.es/es/p/escalope-de-pollo/5948997",
    "price": 4.08,
    "reference_price": 7.39,
    "iva": 10,
    "reference_unit": "1 Kg",
    "date": "2023-01-17"
  },
  {
    "id": 5377,
    "name": "Galleta Chips Chocolate sin Azúcares GULLON ZERO",
    "description": "Galleta Chips Chocolate sin Azúcares 125 Gr",
    "category": "Galletas de chocolate",
    "url": "https://tienda.consum.es/es/p/galleta-chips-chocolate-sin-azucares/6013148",
    "price": 2.05,
    "reference_price": 16.4,
    "iva": 10,
    "reference_unit": "1 Kg",
    "date": "2023-01-17"
  },
  {
    "id": 5378,
    "name": "Galletas Fibra sin Azúcares GULLON ZERO",
    "description": "Galletas Fibra sin Azúcares 170 Gr",
    "category": "Galletas saludables",
    "url": "https://tienda.consum.es/es/p/galletas-fibra-sin-azucares/6013155",
    "price": 2.05,
    "reference_price": 12.06,
    "iva": 10,
    "reference_unit": "1 Kg",
    "date": "2023-01-17"
  },
  {
    "id": 5380,
    "name": "Vino Tinto Crianza D.O.Valencia BARON TURIS",
    "description": "Vino Tinto Crianza D.O.Valencia 0,75 L",
    "category": "Vinos d.o",
    "url": "https://tienda.consum.es/es/p/vino-tinto-crianza-dovalencia/7001274",
    "price": 3.35,
    "reference_price": 4.47,
    "iva": 21,
    "reference_unit": "1 L",
    "date": "2023-01-17"
  },
  {
    "id": 5386,
    "name": "Pamplonés y Salchichón Extra GOIKOA",
    "description": "Pamplonés y Salchichón Extra 2 x 45 Gr",
    "category": "Curado",
    "url": "https://tienda.consum.es/es/p/pamplones-y-salchichon-extra/7002132",
    "price": 2.69,
    "reference_price": 14.94,
    "iva": 10,
    "reference_unit": "1 Kg",
    "date": "2023-01-17"
  },
  {
    "id": 5387,
    "name": "Café Molido Express VALIENTE",
    "description": "Café Molido Express 250 Gr",
    "category": "Café Molido natural",
    "url": "https://tienda.consum.es/es/p/cafe-molido-express/7002165",
    "price": 3.95,
    "reference_price": 15.8,
    "iva": 10,
    "reference_unit": "1 Kg",
    "date": "2023-01-17"
  },
  {
    "id": 5388,
    "name": "Café Molido Hogar VALIENTE",
    "description": "Café Molido Hogar 250 Gr",
    "category": "Café Molido natural",
    "url": "https://tienda.consum.es/es/p/cafe-molido-hogar/7002173",
    "price": 3.4,
    "reference_price": 13.6,
    "iva": 10,
    "reference_unit": "1 Kg",
    "date": "2023-01-17"
  },
  {
    "id": 5389,
    "name": "Café 100% Colombia Molido VALIENTE",
    "description": "Café 100% Colombia Molido 250 Gr",
    "category": "Café Molido natural",
    "url": "https://tienda.consum.es/es/p/cafe-100-colombia-molido/7002178",
    "price": 3.69,
    "reference_price": 14.76,
    "iva": 10,
    "reference_unit": "1 Kg",
    "date": "2023-01-17"
  },
  {
    "id": 5390,
    "name": "Vitalínea Cremoso Chocolate Pack de 4 Und DANONE",
    "description": "Vitalínea Cremoso Chocolate Pack de 4 Und 4 x 120 Gr",
    "category": "Natillas",
    "url": "https://tienda.consum.es/es/p/vitalinea-cremoso-chocolate-pack-de-4-und/7002681",
    "price": 2.89,
    "reference_price": 5.78,
    "iva": 10,
    "reference_unit": "1 Kg",
    "date": "2023-01-17"
  },
  {
    "id": 5392,
    "name": "Vino Blanco de Mesa Brik ROIXELA",
    "description": "Vino Blanco de Mesa Brik 1 L",
    "category": "Mesa",
    "url": "https://tienda.consum.es/es/p/vino-blanco-de-mesa-brik/7003051",
    "price": 1,
    "reference_price": 1,
    "iva": 21,
    "reference_unit": "1 L",
    "date": "2023-01-17"
  },
  {
    "id": 5393,
    "name": "Vino Rosado de Mesa Brik ROIXELA",
    "description": "Vino Rosado de Mesa Brik 1 L",
    "category": "Mesa",
    "url": "https://tienda.consum.es/es/p/vino-rosado-de-mesa-brik/7003069",
    "price": 1.05,
    "reference_price": 1.05,
    "iva": 21,
    "reference_unit": "1 L",
    "date": "2023-01-17"
  },
  {
    "id": 5394,
    "name": "Vino Tinto de Mesa Brik ROIXELA",
    "description": "Vino Tinto de Mesa Brik 1 L",
    "category": "Mesa",
    "url": "https://tienda.consum.es/es/p/vino-tinto-de-mesa-brik/7003080",
    "price": 1.25,
    "reference_price": 1.25,
    "iva": 21,
    "reference_unit": "1 L",
    "date": "2023-01-17"
  },
  {
    "id": 5395,
    "name": "Vermouth Rojo VIDAL",
    "description": "Vermouth Rojo 1 L",
    "category": "Licores y vermouth",
    "url": "https://tienda.consum.es/es/p/vermouth-rojo/7003192",
    "price": 2.49,
    "reference_price": 2.49,
    "iva": 21,
    "reference_unit": "1 L",
    "date": "2023-01-17"
  },
  {
    "id": 5396,
    "name": "Filete de Merluza sin Piel congelado PESCANOVA",
    "description": "Filete de Merluza sin Piel congelado 400 Gr",
    "category": "Pescados y mariscos",
    "url": "https://tienda.consum.es/es/p/filete-de-merluza-sin-piel-congelado/7003346",
    "price": 5.59,
    "reference_price": 13.98,
    "iva": 10,
    "reference_unit": "1 Kg",
    "date": "2023-01-17"
  },
  {
    "id": 5397,
    "name": "Acondicionador Cabello Natural ANIAN",
    "description": "Acondicionador Cabello Natural 1000 ml",
    "category": "Acondicionadores",
    "url": "https://tienda.consum.es/es/p/acondicionador-cabello-natural/7003767",
    "price": 1.5,
    "reference_price": 1.5,
    "iva": 21,
    "reference_unit": "1 L",
    "date": "2023-01-17"
  },
  {
    "id": 5398,
    "name": "Cilantro Bolsa EL DULZE",
    "description": "Cilantro Bolsa 20 Gr",
    "category": "Aromáticos",
    "url": "https://tienda.consum.es/es/p/cilantro-bolsa/7004138",
    "price": 1.29,
    "reference_price": 6.45,
    "iva": 10,
    "reference_unit": "100 Gr",
    "date": "2023-01-17"
  },
  {
    "id": 5400,
    "name": "Preparado Lácteo Max Crecimiento y Desarrollo PULEVA",
    "description": "Preparado Lácteo Max Crecimiento y Desarrollo 1 L",
    "category": "Leche crecimiento infantil",
    "url": "https://tienda.consum.es/es/p/preparado-lacteo-max-crecimiento-y-desarrollo/7005507",
    "price": 1.79,
    "reference_price": 1.79,
    "iva": 10,
    "reference_unit": "1 L",
    "date": "2023-01-17"
  },
  {
    "id": 5401,
    "name": "Desodorante Spray Men Dry Impact NIVEA",
    "description": "Desodorante Spray Men Dry Impact 200 ml",
    "category": "Spray",
    "url": "https://tienda.consum.es/es/p/desodorante-spray-men-dry-impact/7006521",
    "price": 3.15,
    "reference_price": 1.58,
    "iva": 21,
    "reference_unit": "100 ml",
    "date": "2023-01-17"
  },
  {
    "id": 5403,
    "name": "Cereales Fitness Chocolate con Leche NESTLE",
    "description": "Cereales Fitness Chocolate con Leche 375 Gr",
    "category": "Cereales",
    "url": "https://tienda.consum.es/es/p/cereales-fitness-chocolate-con-leche/7006992",
    "price": 2.99,
    "reference_price": 7.97,
    "iva": 10,
    "reference_unit": "1 Kg",
    "date": "2023-01-17"
  },
  {
    "id": 5406,
    "name": "Tomate Frito Lata Pack de 3 HIDA",
    "description": "Tomate Frito Lata Pack de 3 3 x 155 Gr",
    "category": "Tomate",
    "url": "https://tienda.consum.es/es/p/tomate-frito-lata-pack-de-3/7008431",
    "price": 2.99,
    "reference_price": 6.43,
    "iva": 10,
    "reference_unit": "1 Kg",
    "date": "2023-01-17"
  },
  {
    "id": 5408,
    "name": "Refresco Limón Zero Lata FANTA",
    "description": "Refresco Limón Zero Lata 0,33 L",
    "category": "Limón y lima-limón",
    "url": "https://tienda.consum.es/es/p/refresco-limon-zero-lata/7009538",
    "price": 0.7,
    "reference_price": 2.12,
    "iva": 21,
    "reference_unit": "1 L",
    "date": "2023-01-17"
  },
  {
    "id": 5411,
    "name": "Limpiador Baño Desinfectante Spray KH-7",
    "description": "Limpiador Baño Desinfectante Spray 0,75 L",
    "category": "Limpieza baños",
    "url": "https://tienda.consum.es/es/p/limpiador-bano-desinfectante-spray/7010072",
    "price": 3.09,
    "reference_price": 4.12,
    "iva": 21,
    "reference_unit": "1 L",
    "date": "2023-01-17"
  },
  {
    "id": 15034,
    "name": "Longaniza Extra Reserva Exentis CAN DURAN",
    "description": "Longaniza Extra Reserva Exentis 80 Gr",
    "category": "Otros curados",
    "url": "https://tienda.consum.es/es/p/longaniza-extra-reserva-exentis/7268667",
    "price": 2.49,
    "reference_price": 31.13,
    "iva": 10,
    "reference_unit": "1 Kg",
    "date": "2023-01-17"
  },
  {
    "id": 15036,
    "name": "Queso de Cava Barus Cuña G.BAQUERO",
    "description": "Queso de Cava Barus Cuña 250 Gr",
    "category": "Semicurados",
    "url": "https://tienda.consum.es/es/p/queso-de-cava-barus-cuna/7269574",
    "price": 4.7,
    "reference_price": 18.8,
    "iva": 0,
    "reference_unit": "1 Kg",
    "date": "2023-01-17"
  },
  {
    "id": 15041,
    "name": "Snack Cuero Perro Hueso Prensado 93 Gr BIOZOO",
    "description": "Snack Cuero Perro Hueso Prensado 93 Gr 2 U",
    "category": "Snacks",
    "url": "https://tienda.consum.es/es/p/snack-cuero-perro-hueso-prensado-93-gr/7270833",
    "price": 1.35,
    "reference_price": 0.68,
    "iva": 10,
    "reference_unit": "1 U",
    "date": "2023-01-17"
  },
  {
    "id": 15042,
    "name": "Snack Cuero Perro Hueso Prensado 16 cm BIOZOO",
    "description": "Snack Cuero Perro Hueso Prensado 16 cm 1 U",
    "category": "Snacks",
    "url": "https://tienda.consum.es/es/p/snack-cuero-perro-hueso-prensado-16-cm/7270838",
    "price": 1.35,
    "reference_price": 1.35,
    "iva": 10,
    "reference_unit": "1 U",
    "date": "2023-01-17"
  },
  {
    "id": 15044,
    "name": "Rosquilletas Planas con Pipas CONSUM",
    "description": "Rosquilletas Planas con Pipas 2 x 80 Gr",
    "category": "Rosquilletas, picos y snacks",
    "url": "https://tienda.consum.es/es/p/rosquilletas-planas-con-pipas/7271323",
    "price": 1.35,
    "reference_price": 8.44,
    "iva": 10,
    "reference_unit": "1 Kg",
    "date": "2023-01-17"
  },
  {
    "id": 15051,
    "name": "Mozzarella Fresca Light TOSCANELLA",
    "description": "Mozzarella Fresca Light 100 Gr",
    "category": "Frescos y para ensaladas",
    "url": "https://tienda.consum.es/es/p/mozzarella-fresca-light/7272081",
    "price": 1.53,
    "reference_price": 15.3,
    "iva": 0,
    "reference_unit": "1 Kg",
    "date": "2023-01-17"
  },
  {
    "id": 15053,
    "name": "Galleta Cookies Rellena Sensations MILKA",
    "description": "Galleta Cookies Rellena Sensations 156 Gr",
    "category": "Galletas de chocolate",
    "url": "https://tienda.consum.es/es/p/galleta-cookies-rellena-sensations/7272201",
    "price": 2.69,
    "reference_price": 17.24,
    "iva": 10,
    "reference_unit": "1 Kg",
    "date": "2023-01-17"
  },
  {
    "id": 15057,
    "name": "Philadelphia Salmón PHILADELPHIA",
    "description": "Philadelphia Salmón 150 Gr",
    "category": "Quesos Para untar",
    "url": "https://tienda.consum.es/es/p/philadelphia-salmon/7272458",
    "price": 2.39,
    "reference_price": 15.93,
    "iva": 0,
    "reference_unit": "1 Kg",
    "date": "2023-01-17"
  },
  {
    "id": 15058,
    "name": "Pizza Rústica congelada Cuatro Quesos DR.OETKER",
    "description": "Pizza Rústica congelada Cuatro Quesos 555 Gr",
    "category": "Pizza congelada",
    "url": "https://tienda.consum.es/es/p/pizza-rustica-congelada-cuatro-quesos/7272532",
    "price": 5.89,
    "reference_price": 10.61,
    "iva": 10,
    "reference_unit": "1 Kg",
    "date": "2023-01-17"
  },
  {
    "id": 15071,
    "name": "Garbanzo Cocido Frasco LOZANO",
    "description": "Garbanzo Cocido Frasco 400 Gr",
    "category": "Garbanzos",
    "url": "https://tienda.consum.es/es/p/garbanzo-cocido-frasco/7274801",
    "price": 0.99,
    "reference_price": 2.48,
    "iva": 10,
    "reference_unit": "1 Kg",
    "date": "2023-01-17"
  },
  {
    "id": 15072,
    "name": "Alubia Cocida Frasco LOZANO",
    "description": "Alubia Cocida Frasco 400 Gr",
    "category": "Alubias",
    "url": "https://tienda.consum.es/es/p/alubia-cocida-frasco/7274806",
    "price": 0.99,
    "reference_price": 2.48,
    "iva": 10,
    "reference_unit": "1 Kg",
    "date": "2023-01-17"
  },
  {
    "id": 15085,
    "name": "Yogur Ecológico de Mango EL PASTORET",
    "description": "Yogur Ecológico de Mango 135 Gr",
    "category": "Cremosos y enriquecidos",
    "url": "https://tienda.consum.es/es/p/yogur-ecologico-de-mango/7276210",
    "price": 1.89,
    "reference_price": 14,
    "iva": 10,
    "reference_unit": "1 Kg",
    "date": "2023-01-17"
  },
  {
    "id": 15101,
    "name": "Café Largo Tassimo Cápsulas MARCILLA",
    "description": "Café Largo Tassimo Cápsulas 16 U",
    "category": "Café en cápsulas",
    "url": "https://tienda.consum.es/es/p/cafe-largo-tassimo-capsulas/7277312",
    "price": 5.3,
    "reference_price": 0.33,
    "iva": 10,
    "reference_unit": "1 U",
    "date": "2023-01-17"
  },
  {
    "id": 15102,
    "name": "Galleta Tostada sin Azúcares GULLON ZERO",
    "description": "Galleta Tostada sin Azúcares 400 Gr",
    "category": "Galletas saludables",
    "url": "https://tienda.consum.es/es/p/galleta-tostada-sin-azucares/7277478",
    "price": 2.35,
    "reference_price": 5.88,
    "iva": 10,
    "reference_unit": "1 Kg",
    "date": "2023-01-17"
  },
  {
    "id": 15107,
    "name": "Tarrito Solo Eco Pera, Plátano y Zanahoria HERO",
    "description": "Tarrito Solo Eco Pera, Plátano y Zanahoria 120 Gr",
    "category": "Alimentación infantil",
    "url": "https://tienda.consum.es/es/p/tarrito-solo-eco-pera-platano-y-zanahoria/7277713",
    "price": 1.39,
    "reference_price": 11.58,
    "iva": 10,
    "reference_unit": "1 Kg",
    "date": "2023-01-17"
  },
  {
    "id": 15122,
    "name": "Arroz Caldoso y Meloso Paquete LA FALLERA",
    "description": "Arroz Caldoso y Meloso Paquete 1 Kg",
    "category": "Arroz",
    "url": "https://tienda.consum.es/es/p/arroz-caldoso-y-meloso-paquete/7279870",
    "price": 2.59,
    "reference_price": 2.59,
    "iva": 0,
    "reference_unit": "1 Kg",
    "date": "2023-01-17"
  },
  {
    "id": 15126,
    "name": "Tira Adhesiva tejido elástico PHARMADOCT",
    "description": "Tira Adhesiva tejido elástico 4 U",
    "category": "Bandas protectoras adhesivas",
    "url": "https://tienda.consum.es/es/p/tira-adhesiva-tejido-elastico/7280126",
    "price": 1.65,
    "reference_price": 0.41,
    "iva": 10,
    "reference_unit": "1 U",
    "date": "2023-01-17"
  },
  {
    "id": 15127,
    "name": "Venda Elástica Adhesiva PHARMADOCT",
    "description": "Venda Elástica Adhesiva 1 U",
    "category": "Vendas gasas esterilizadas",
    "url": "https://tienda.consum.es/es/p/venda-elastica-adhesiva/7280134",
    "price": 2.15,
    "reference_price": 2.15,
    "iva": 10,
    "reference_unit": "1 U",
    "date": "2023-01-17"
  },
  {
    "id": 15129,
    "name": "Cerveza Reserva Roja Botella Cristal Pack-4 ALHAMBRA",
    "description": "Cerveza Reserva Roja Botella Cristal Pack-4 4 x 0,33 L",
    "category": "Cervezas",
    "url": "https://tienda.consum.es/es/p/cerveza-reserva-roja-botella-cristal-pack-4/7280279",
    "price": 5.89,
    "reference_price": 4.46,
    "iva": 21,
    "reference_unit": "1 L",
    "date": "2023-01-17"
  },
  {
    "id": 15131,
    "name": "Vino Blanco D.O.Alicante BAHIA DENIA",
    "description": "Vino Blanco D.O.Alicante 0,75 L",
    "category": "Vinos d.o",
    "url": "https://tienda.consum.es/es/p/vino-blanco-doalicante/7280431",
    "price": 4.9,
    "reference_price": 6.53,
    "iva": 21,
    "reference_unit": "1 L",
    "date": "2023-01-17"
  },
  {
    "id": 15141,
    "name": "Arroz Largo LA FALLERA",
    "description": "Arroz Largo 1 Kg",
    "category": "Arroz",
    "url": "https://tienda.consum.es/es/p/arroz-largo/7282205",
    "price": 1.88,
    "reference_price": 1.88,
    "iva": 0,
    "reference_unit": "1 Kg",
    "date": "2023-01-17"
  },
  {
    "id": 15146,
    "name": "Pan Fibra WASA",
    "description": "Pan Fibra 230 Gr",
    "category": "Tostadas y minibiscotes",
    "url": "https://tienda.consum.es/es/p/pan-fibra/7282481",
    "price": 2.59,
    "reference_price": 11.26,
    "iva": 10,
    "reference_unit": "1 Kg",
    "date": "2023-01-17"
  },
  {
    "id": 15156,
    "name": "Bizcochitos Tosta Rica Caja 5 Unidades CUETARA",
    "description": "Bizcochitos Tosta Rica Caja 5 Unidades 163 Gr",
    "category": "Galletas",
    "url": "https://tienda.consum.es/es/p/bizcochitos-tosta-rica-caja-5-unidades/7283554",
    "price": 2.99,
    "reference_price": 23.92,
    "iva": 10,
    "reference_unit": "1 Kg",
    "date": "2023-01-17"
  },
  {
    "id": 15160,
    "name": "Snack Perros Dental Life Medium DENTAL LIFE",
    "description": "Snack Perros Dental Life Medium 115 Gr",
    "category": "Snacks",
    "url": "https://tienda.consum.es/es/p/snack-perros-dental-life-medium/7284255",
    "price": 2.2,
    "reference_price": 19.13,
    "iva": 10,
    "reference_unit": "1 Kg",
    "date": "2023-01-17"
  },
  {
    "id": 15173,
    "name": "Tampón con Aplicador Compacto Regular KYREY",
    "description": "Tampón con Aplicador Compacto Regular 32 U",
    "category": "Tampones",
    "url": "https://tienda.consum.es/es/p/tampon-con-aplicador-compacto-regular/7269702",
    "price": 2.98,
    "reference_price": 0.09,
    "iva": 4,
    "reference_unit": "1 U",
    "date": "2023-01-17"
  },
  {
    "id": 15174,
    "name": "Tampón con Aplicador Cartón Súper KYREY",
    "description": "Tampón con Aplicador Cartón Súper 30 U",
    "category": "Tampones",
    "url": "https://tienda.consum.es/es/p/tampon-con-aplicador-carton-super/7269991",
    "price": 2.35,
    "reference_price": 0.08,
    "iva": 4,
    "reference_unit": "1 U",
    "date": "2023-01-17"
  },
  {
    "id": 15175,
    "name": "Cerveza con Tequila Lata DESPERADOS",
    "description": "Cerveza con Tequila Lata 0,33 L",
    "category": "Especialidades",
    "url": "https://tienda.consum.es/es/p/cerveza-con-tequila-lata/7276186",
    "price": 1.25,
    "reference_price": 3.79,
    "iva": 21,
    "reference_unit": "1 L",
    "date": "2023-01-17"
  },
  {
    "id": 15178,
    "name": "Iso Go! Naranja Botella CONSUM",
    "description": "Iso Go! Naranja Botella 1,5 L",
    "category": "Isotónicas botella",
    "url": "https://tienda.consum.es/es/p/iso-go-naranja-botella/7279461",
    "price": 1.06,
    "reference_price": 0.71,
    "iva": 21,
    "reference_unit": "1 L",
    "date": "2023-01-17"
  },
  {
    "id": 15179,
    "name": "Compresa Alas Noche AUSONIA",
    "description": "Compresa Alas Noche 9 U",
    "category": "Compresas y protegeslips",
    "url": "https://tienda.consum.es/es/p/compresa-alas-noche/7281160",
    "price": 1.65,
    "reference_price": 0.18,
    "iva": 4,
    "reference_unit": "1 U",
    "date": "2023-01-17"
  },
  {
    "id": 15180,
    "name": "Compresa Súper Alas AUSONIA",
    "description": "Compresa Súper Alas 12 U",
    "category": "Compresas y protegeslips",
    "url": "https://tienda.consum.es/es/p/compresa-super-alas/7281165",
    "price": 1.65,
    "reference_price": 0.14,
    "iva": 4,
    "reference_unit": "1 U",
    "date": "2023-01-17"
  },
  {
    "id": 15181,
    "name": "Compota Manzana y Melocotón Pack de 2 ANELA",
    "description": "Compota Manzana y Melocotón Pack de 2 2 x 100 Gr",
    "category": "Membrillos y compotas",
    "url": "https://tienda.consum.es/es/p/compota-manzana-y-melocoton-pack-de-2/7282015",
    "price": 1.35,
    "reference_price": 6.75,
    "iva": 10,
    "reference_unit": "1 Kg",
    "date": "2023-01-17"
  },
  {
    "id": 15182,
    "name": "Queso Fundido Light Queso Azul 16 Porciones VACA QUE RIE",
    "description": "Queso Fundido Light Queso Azul 16 Porciones 250 Gr",
    "category": "Quesos Fundidos",
    "url": "https://tienda.consum.es/es/p/queso-fundido-light-queso-azul-16-porciones/7282296",
    "price": 2.88,
    "reference_price": 11.52,
    "iva": 0,
    "reference_unit": "1 Kg",
    "date": "2023-01-17"
  },
  {
    "id": 15184,
    "name": "Algodón Zigzag KYREY PHARMA",
    "description": "Algodón Zigzag 100 Gr",
    "category": "Algodón",
    "url": "https://tienda.consum.es/es/p/algodon-zigzag/7283401",
    "price": 0.95,
    "reference_price": 9.5,
    "iva": 21,
    "reference_unit": "1 Kg",
    "date": "2023-01-17"
  },
  {
    "id": 15196,
    "name": "Picos Gourmet Integral ",
    "description": "Picos Gourmet Integral 140 Gr",
    "category": "Rosquilletas, picos y snacks",
    "url": "https://tienda.consum.es/es/p/picos-gourmet-integral/7285435",
    "price": 1.89,
    "reference_price": 14.54,
    "iva": 10,
    "reference_unit": "1 Kg",
    "date": "2023-01-17"
  },
  {
    "id": 15203,
    "name": "Champú Pure Fresh Coco FRUCTIS",
    "description": "Champú Pure Fresh Coco 360 ml",
    "category": "Champú",
    "url": "https://tienda.consum.es/es/p/champu-pure-fresh-coco/7285943",
    "price": 3.85,
    "reference_price": 1.07,
    "iva": 21,
    "reference_unit": "100 ml",
    "date": "2023-01-17"
  },
  {
    "id": 15207,
    "name": "Licor Crema de Arroz con Cazalla 5FANECADES",
    "description": "Licor Crema de Arroz con Cazalla 0,7 L",
    "category": "Licores y vermouth",
    "url": "https://tienda.consum.es/es/p/licor-crema-de-arroz-con-cazalla/7286503",
    "price": 10.5,
    "reference_price": 15,
    "iva": 21,
    "reference_unit": "1 L",
    "date": "2023-01-17"
  },
  {
    "id": 15208,
    "name": "Chapelas Cacao Pack 3 Unidades DULCESOL",
    "description": "Chapelas Cacao Pack 3 Unidades 135 Gr",
    "category": "Bollería industrial",
    "url": "https://tienda.consum.es/es/p/chapelas-cacao-pack-3-unidades/7286516",
    "price": 1,
    "reference_price": 7.41,
    "iva": 10,
    "reference_unit": "1 Kg",
    "date": "2023-01-17"
  },
  {
    "id": 15220,
    "name": "Tequila ROSE",
    "description": "Tequila 0,7 L",
    "category": "Licores y vermouth",
    "url": "https://tienda.consum.es/es/p/tequila/7256936",
    "price": 17.5,
    "reference_price": 25,
    "iva": 21,
    "reference_unit": "1 L",
    "date": "2023-01-17"
  },
  {
    "id": 15237,
    "name": "Pasta Fresca Rellena de Pollo Asado RANA",
    "description": "Pasta Fresca Rellena de Pollo Asado 250 Gr",
    "category": "Pasta fresca",
    "url": "https://tienda.consum.es/es/p/pasta-fresca-rellena-de-pollo-asado/7282007",
    "price": 3.29,
    "reference_price": 13.16,
    "iva": 5,
    "reference_unit": "1 Kg",
    "date": "2023-01-17"
  },
  {
    "id": 15238,
    "name": "Chocolate 70% Negro con Pepitas de Cacao VALOR",
    "description": "Chocolate 70% Negro con Pepitas de Cacao 170 Gr",
    "category": "Tabletas",
    "url": "https://tienda.consum.es/es/p/chocolate-70-negro-con-pepitas-de-cacao/7282598",
    "price": 2.35,
    "reference_price": 13.82,
    "iva": 10,
    "reference_unit": "1 Kg",
    "date": "2023-01-17"
  },
  {
    "id": 15239,
    "name": "Molinillo Sal con Hierbas Tarro TOQUE",
    "description": "Molinillo Sal con Hierbas Tarro 78 Gr",
    "category": "Sal y especias",
    "url": "https://tienda.consum.es/es/p/molinillo-sal-con-hierbas-tarro/7282697",
    "price": 1.95,
    "reference_price": 25,
    "iva": 10,
    "reference_unit": "1 Kg",
    "date": "2023-01-17"
  },
  {
    "id": 15241,
    "name": "Kit Kat White Pack de 3 NESTLE",
    "description": "Kit Kat White Pack de 3 3 x 41,5 Gr",
    "category": "Chocolatinas y bombones",
    "url": "https://tienda.consum.es/es/p/kit-kat-white-pack-de-3/7283943",
    "price": 1.99,
    "reference_price": 15.98,
    "iva": 10,
    "reference_unit": "1 Kg",
    "date": "2023-01-17"
  },
  {
    "id": 15266,
    "name": "Bebida de Almendra sin Azúcar ALMENDROLA",
    "description": "Bebida de Almendra sin Azúcar 1 L",
    "category": "Bebidas vegetales",
    "url": "https://tienda.consum.es/es/p/bebida-de-almendra-sin-azucar/7286482",
    "price": 1.99,
    "reference_price": 1.99,
    "iva": 10,
    "reference_unit": "1 L",
    "date": "2023-01-17"
  },
  {
    "id": 15275,
    "name": "After Shave Loción KYREY MEN",
    "description": "After Shave Loción 250 ml",
    "category": "Después afeitado",
    "url": "https://tienda.consum.es/es/p/after-shave-locion/7216070",
    "price": 1.8,
    "reference_price": 0.72,
    "iva": 21,
    "reference_unit": "100 ml",
    "date": "2023-01-17"
  },
  {
    "id": 15276,
    "name": "Marineras Merluza y Gambas ",
    "description": "Marineras Merluza y Gambas 2 x 80 Gr",
    "category": "Pescadería",
    "url": "https://tienda.consum.es/es/p/marineras-merluza-y-gambas/7247005",
    "price": 2.95,
    "reference_price": 18.44,
    "iva": 10,
    "reference_unit": "1 Kg",
    "date": "2023-01-17"
  },
  {
    "id": 15293,
    "name": "Chopped de Pavo Lonchas ELPOZO",
    "description": "Chopped de Pavo Lonchas 300 Gr",
    "category": "Fiambres ave",
    "url": "https://tienda.consum.es/es/p/chopped-de-pavo-lonchas/7283521",
    "price": 2,
    "reference_price": 6.67,
    "iva": 10,
    "reference_unit": "1 Kg",
    "date": "2023-01-17"
  },
  {
    "id": 15298,
    "name": "Tortitas de Arroz Chocolate con Leche BICENTURY",
    "description": "Tortitas de Arroz Chocolate con Leche 130 Gr",
    "category": "Tortitas",
    "url": "https://tienda.consum.es/es/p/tortitas-de-arroz-chocolate-con-leche/7285062",
    "price": 1.99,
    "reference_price": 15.31,
    "iva": 10,
    "reference_unit": "1 Kg",
    "date": "2023-01-17"
  },
  {
    "id": 15299,
    "name": "Rosquilletas con Anises Horno Tradicional VELARTE",
    "description": "Rosquilletas con Anises Horno Tradicional 85 Gr",
    "category": "Rosquilletas, picos y snacks",
    "url": "https://tienda.consum.es/es/p/rosquilletas-con-anises-horno-tradicional/7285112",
    "price": 1.15,
    "reference_price": 13.53,
    "iva": 10,
    "reference_unit": "1 Kg",
    "date": "2023-01-17"
  },
  {
    "id": 15301,
    "name": "Aceite de Oliva Virgen Extra FINC.BADENES",
    "description": "Aceite de Oliva Virgen Extra 500 ml",
    "category": "Aceite de oliva virgen y virgen extra",
    "url": "https://tienda.consum.es/es/p/aceite-de-oliva-virgen-extra/7285463",
    "price": 6.67,
    "reference_price": 13.34,
    "iva": 5,
    "reference_unit": "1 L",
    "date": "2023-01-17"
  },
  {
    "id": 15306,
    "name": "Lomo Adobado Horno Artesano EL POZO",
    "description": "Lomo Adobado Horno Artesano 500 Gr",
    "category": "Cerdo",
    "url": "https://tienda.consum.es/es/p/lomo-adobado-horno-artesano/7285906",
    "price": 4.49,
    "reference_price": 8.98,
    "iva": 10,
    "reference_unit": "1 Kg",
    "date": "2023-01-17"
  },
  {
    "id": 15316,
    "name": "Solución Única Más Portalentes SENTI-2",
    "description": "Solución Única Más Portalentes 1 U",
    "category": "Otros",
    "url": "https://tienda.consum.es/es/p/solucion-unica-mas-portalentes/7286610",
    "price": 3.99,
    "reference_price": 1.11,
    "iva": 10,
    "reference_unit": "100 ml",
    "date": "2023-01-17"
  },
  {
    "id": 15317,
    "name": "Pan de Molde Integral sin Lactosa BIMBO",
    "description": "Pan de Molde Integral sin Lactosa 450 Gr",
    "category": "Pan de molde integral y cereales",
    "url": "https://tienda.consum.es/es/p/pan-de-molde-integral-sin-lactosa/7287415",
    "price": 2.65,
    "reference_price": 5.89,
    "iva": 10,
    "reference_unit": "1 Kg",
    "date": "2023-01-17"
  },
  {
    "id": 15321,
    "name": "Descorchador de Láminas BOUQUET",
    "description": "Descorchador de Láminas 1 U",
    "category": "Menaje cocina",
    "url": "https://tienda.consum.es/es/p/descorchador-de-laminas/7263205",
    "price": 4.39,
    "reference_price": 4.39,
    "iva": 21,
    "reference_unit": "1 U",
    "date": "2023-01-17"
  },
  {
    "id": 15322,
    "name": "Bomba de Vacío para Vino BOUQUET",
    "description": "Bomba de Vacío para Vino 1 U",
    "category": "Menaje cocina",
    "url": "https://tienda.consum.es/es/p/bomba-de-vacio-para-vino/7263226",
    "price": 6.49,
    "reference_price": 6.49,
    "iva": 21,
    "reference_unit": "1 U",
    "date": "2023-01-17"
  },
  {
    "id": 15324,
    "name": "Tapón y Conservador 2 en 1 Botella Cava BOUQUET",
    "description": "Tapón y Conservador 2 en 1 Botella Cava 1 U",
    "category": "Menaje cocina",
    "url": "https://tienda.consum.es/es/p/tapon-y-conservador-2-en-1-botella-cava/7263239",
    "price": 4.99,
    "reference_price": 4.99,
    "iva": 21,
    "reference_unit": "1 U",
    "date": "2023-01-17"
  },
  {
    "id": 15325,
    "name": "Tapones de Recambio para Bomba de Vacío BOUQUET",
    "description": "Tapones de Recambio para Bomba de Vacío 1 U",
    "category": "Menaje cocina",
    "url": "https://tienda.consum.es/es/p/tapones-de-recambio-para-bomba-de-vacio/7263247",
    "price": 3.49,
    "reference_price": 3.49,
    "iva": 21,
    "reference_unit": "1 U",
    "date": "2023-01-17"
  },
  {
    "id": 15326,
    "name": "Tapón Dosificador para Vino PULLTEX",
    "description": "Tapón Dosificador para Vino 1 U",
    "category": "Menaje cocina",
    "url": "https://tienda.consum.es/es/p/tapon-dosificador-para-vino/7263556",
    "price": 3.45,
    "reference_price": 3.45,
    "iva": 21,
    "reference_unit": "1 U",
    "date": "2023-01-17"
  },
  {
    "id": 15327,
    "name": "Tapón para Vino de Silicona PULLTEX",
    "description": "Tapón para Vino de Silicona 1 U",
    "category": "Menaje cocina",
    "url": "https://tienda.consum.es/es/p/tapon-para-vino-de-silicona/7263564",
    "price": 2.95,
    "reference_price": 2.95,
    "iva": 21,
    "reference_unit": "1 U",
    "date": "2023-01-17"
  },
  {
    "id": 15330,
    "name": "Paraguas de Chocolate con Lacasitos LACASA",
    "description": "Paraguas de Chocolate con Lacasitos 5 x 11 Gr",
    "category": "Chicles, caramelos y gominolas",
    "url": "https://tienda.consum.es/es/p/paraguas-de-chocolate-con-lacasitos/7283919",
    "price": 2.25,
    "reference_price": 40.91,
    "iva": 10,
    "reference_unit": "1 Kg",
    "date": "2023-01-17"
  },
  {
    "id": 15335,
    "name": "Champú Hidrarizo FRUCTIS",
    "description": "Champú Hidrarizo 360 ml",
    "category": "Champú",
    "url": "https://tienda.consum.es/es/p/champu-hidrarizo/7285922",
    "price": 3.85,
    "reference_price": 1.07,
    "iva": 21,
    "reference_unit": "100 ml",
    "date": "2023-01-17"
  },
  {
    "id": 15343,
    "name": "Bacaladilla ",
    "description": "Bacaladilla",
    "category": "Pescado blanco",
    "url": "https://tienda.consum.es/es/p/bacaladilla/225854",
    "price": 0.32,
    "reference_price": 3.95,
    "iva": 10,
    "reference_unit": "1 Kg",
    "date": "2023-01-17"
  },
  {
    "id": 15358,
    "name": "Comida Seca Perros Mini Baby ONE",
    "description": "Comida Seca Perros Mini Baby 800 Gr",
    "category": "Seco",
    "url": "https://tienda.consum.es/es/p/comida-seca-perros-mini-baby/7251168",
    "price": 4.29,
    "reference_price": 5.36,
    "iva": 10,
    "reference_unit": "1 Kg",
    "date": "2023-01-17"
  },
  {
    "id": 15360,
    "name": "Comida Húmeda Gatos Mousse Salmón Gamba VITALITY",
    "description": "Comida Húmeda Gatos Mousse Salmón Gamba 85 Gr",
    "category": "Húmedo",
    "url": "https://tienda.consum.es/es/p/comida-humeda-gatos-mousse-salmon-gamba/7258908",
    "price": 0.49,
    "reference_price": 5.76,
    "iva": 10,
    "reference_unit": "1 Kg",
    "date": "2023-01-17"
  },
  {
    "id": 15361,
    "name": "Comida Húmeda Gatos Mousse Atún VITALITY",
    "description": "Comida Húmeda Gatos Mousse Atún 85 Gr",
    "category": "Húmedo",
    "url": "https://tienda.consum.es/es/p/comida-humeda-gatos-mousse-atun/7258916",
    "price": 0.49,
    "reference_price": 5.76,
    "iva": 10,
    "reference_unit": "1 Kg",
    "date": "2023-01-17"
  },
  {
    "id": 15362,
    "name": "Comida Seca Gatos Pescado BREKKIES",
    "description": "Comida Seca Gatos Pescado 1,5 Kg",
    "category": "Seco",
    "url": "https://tienda.consum.es/es/p/comida-seca-gatos-pescado/7261241",
    "price": 4.95,
    "reference_price": 3.3,
    "iva": 10,
    "reference_unit": "1 Kg",
    "date": "2023-01-17"
  },
  {
    "id": 15364,
    "name": "Champú para Perros Antiparasitario DIXIE",
    "description": "Champú para Perros Antiparasitario 500 ml",
    "category": "Cuidado e higiene",
    "url": "https://tienda.consum.es/es/p/champu-para-perros-antiparasitario/7265028",
    "price": 5.99,
    "reference_price": 11.98,
    "iva": 10,
    "reference_unit": "1 L",
    "date": "2023-01-17"
  },
  {
    "id": 15368,
    "name": "Descalcificador CONSUM",
    "description": "Descalcificador 0,5 L",
    "category": "Antical",
    "url": "https://tienda.consum.es/es/p/descalcificador/7279367",
    "price": 1.89,
    "reference_price": 3.78,
    "iva": 21,
    "reference_unit": "1 L",
    "date": "2023-01-17"
  },
  {
    "id": 15370,
    "name": "Queso Azul Vaca Oveja Porción PEÑASANTA",
    "description": "Queso Azul Vaca Oveja Porción 125 Gr",
    "category": "Roquefort y azules",
    "url": "https://tienda.consum.es/es/p/queso-azul-vaca-oveja-porcion/7281462",
    "price": 2.07,
    "reference_price": 16.56,
    "iva": 0,
    "reference_unit": "1 Kg",
    "date": "2023-01-17"
  },
  {
    "id": 15372,
    "name": "Cepillo Dental Eléctrico Infantil MINIONS",
    "description": "Cepillo Dental Eléctrico Infantil 1 U",
    "category": "Cepillos de dientes",
    "url": "https://tienda.consum.es/es/p/cepillo-dental-electrico-infantil/7282192",
    "price": 9.49,
    "reference_price": 9.49,
    "iva": 21,
    "reference_unit": "1 U",
    "date": "2023-01-17"
  },
  {
    "id": 15373,
    "name": "Comida Seca Gato con Buey y Pollo FRISKIES",
    "description": "Comida Seca Gato con Buey y Pollo 1,5 Kg",
    "category": "Seco",
    "url": "https://tienda.consum.es/es/p/comida-seca-gato-con-buey-y-pollo/7282317",
    "price": 4.65,
    "reference_price": 3.1,
    "iva": 10,
    "reference_unit": "1 Kg",
    "date": "2023-01-17"
  },
  {
    "id": 15374,
    "name": "Cerveza Holandesa 0,0 Lata HEINEKEN",
    "description": "Cerveza Holandesa 0,0 Lata 0,33 L",
    "category": "0, 0 y 0, 9",
    "url": "https://tienda.consum.es/es/p/cerveza-holandesa-00-lata/7284540",
    "price": 0.82,
    "reference_price": 2.48,
    "iva": 21,
    "reference_unit": "1 L",
    "date": "2023-01-17"
  },
  {
    "id": 15389,
    "name": "Horchata Brik OR XATA",
    "description": "Horchata Brik 1 L",
    "category": "Horchatas",
    "url": "https://tienda.consum.es/es/p/horchata-brik/7287147",
    "price": 0.99,
    "reference_price": 0.99,
    "iva": 10,
    "reference_unit": "1 L",
    "date": "2023-01-17"
  },
  {
    "id": 15400,
    "name": "Cerveza Extra Botella VOLL DAMM",
    "description": "Cerveza Extra Botella 0,25 L",
    "category": "Nacional botella",
    "url": "https://tienda.consum.es/es/p/cerveza-extra-botella/7288483",
    "price": 0.82,
    "reference_price": 3.28,
    "iva": 21,
    "reference_unit": "1 L",
    "date": "2023-01-17"
  },
  {
    "id": 15401,
    "name": "Zanahoria Rallada Bolsa FLORETTE",
    "description": "Zanahoria Rallada Bolsa 150 Gr",
    "category": "Otras verduras",
    "url": "https://tienda.consum.es/es/p/zanahoria-rallada-bolsa/7288645",
    "price": 1.06,
    "reference_price": 7.07,
    "iva": 0,
    "reference_unit": "1 Kg",
    "date": "2023-01-17"
  },
  {
    "id": 15402,
    "name": "Galletas de Mantequilla Lata Redonda RIBERHUS",
    "description": "Galletas de Mantequilla Lata Redonda 454 Gr",
    "category": "Galletas",
    "url": "https://tienda.consum.es/es/p/galletas-de-mantequilla-lata-redonda/7247604",
    "price": 3.45,
    "reference_price": 7.6,
    "iva": 10,
    "reference_unit": "1 Kg",
    "date": "2023-01-17"
  },
  {
    "id": 15404,
    "name": "Leche Evaporada Pack de 3 BENESTARE",
    "description": "Leche Evaporada Pack de 3 3 x 200 ml",
    "category": "Evaporada",
    "url": "https://tienda.consum.es/es/p/leche-evaporada-pack-de-3/7286466",
    "price": 1.63,
    "reference_price": 2.72,
    "iva": 0,
    "reference_unit": "1 L",
    "date": "2023-01-17"
  },
  {
    "id": 15405,
    "name": "Snack para Gatos Mini Salmón Pack VITAKRAFT",
    "description": "Snack para Gatos Mini Salmón Pack 3 U",
    "category": "Snacks",
    "url": "https://tienda.consum.es/es/p/snack-para-gatos-mini-salmon-pack/7180433",
    "price": 1.2,
    "reference_price": 0.4,
    "iva": 10,
    "reference_unit": "1 U",
    "date": "2023-01-17"
  },
  {
    "id": 15408,
    "name": "Estropajo Fibra Blanca con Esponja CONSUM",
    "description": "Estropajo Fibra Blanca con Esponja 2 U",
    "category": "Estropajos",
    "url": "https://tienda.consum.es/es/p/estropajo-fibra-blanca-con-esponja/7257673",
    "price": 1,
    "reference_price": 0.5,
    "iva": 21,
    "reference_unit": "1 U",
    "date": "2023-01-17"
  },
  {
    "id": 15410,
    "name": "Comida Húmeda Gatos Mousse de Buey VITALITY",
    "description": "Comida Húmeda Gatos Mousse de Buey 85 Gr",
    "category": "Húmedo",
    "url": "https://tienda.consum.es/es/p/comida-humeda-gatos-mousse-de-buey/7258924",
    "price": 0.49,
    "reference_price": 5.76,
    "iva": 10,
    "reference_unit": "1 Kg",
    "date": "2023-01-17"
  },
  {
    "id": 15411,
    "name": "Crema Untar NUTELLA",
    "description": "Crema Untar 200 Gr",
    "category": "Cremas de desayuno",
    "url": "https://tienda.consum.es/es/p/crema-untar/7282593",
    "price": 2.2,
    "reference_price": 11,
    "iva": 10,
    "reference_unit": "1 Kg",
    "date": "2023-01-17"
  },
  {
    "id": 15414,
    "name": "Cerveza Botella EST.DAMM",
    "description": "Cerveza Botella 0,25 L",
    "category": "Cervezas",
    "url": "https://tienda.consum.es/es/p/cerveza-botella/7284557",
    "price": 0.61,
    "reference_price": 2.44,
    "iva": 21,
    "reference_unit": "1 L",
    "date": "2023-01-17"
  },
  {
    "id": 15419,
    "name": "Bonito del Norte en Aceite de Oliva CONSORCIO",
    "description": "Bonito del Norte en Aceite de Oliva 80 Gr",
    "category": "Atún y bonito",
    "url": "https://tienda.consum.es/es/p/bonito-del-norte-en-aceite-de-oliva/7285468",
    "price": 2.29,
    "reference_price": 28.63,
    "iva": 10,
    "reference_unit": "1 Kg",
    "date": "2023-01-17"
  },
  {
    "id": 15427,
    "name": "Limpiador Manchas de Humedad CILLIT BANG",
    "description": "Limpiador Manchas de Humedad 0,75 L",
    "category": "Limpieza baños",
    "url": "https://tienda.consum.es/es/p/limpiador-manchas-de-humedad/7286979",
    "price": 4.99,
    "reference_price": 6.65,
    "iva": 21,
    "reference_unit": "1 L",
    "date": "2023-01-17"
  },
  {
    "id": 15430,
    "name": "Refresco Aloe Vera Botella OKF",
    "description": "Refresco Aloe Vera Botella 0,5 L",
    "category": "Refrescos sin gas",
    "url": "https://tienda.consum.es/es/p/refresco-aloe-vera-botella/7287378",
    "price": 1.45,
    "reference_price": 2.9,
    "iva": 21,
    "reference_unit": "1 L",
    "date": "2023-01-17"
  },
  {
    "id": 15433,
    "name": "Longaniza Extra ",
    "description": "Longaniza Extra",
    "category": "Embutido",
    "url": "https://tienda.consum.es/es/p/longaniza-extra/1716869",
    "price": 0.3,
    "reference_price": 5.99,
    "iva": 10,
    "reference_unit": "1 Kg",
    "date": "2023-01-17"
  },
  {
    "id": 15435,
    "name": "Leche Sin Lactosa Entera CONSUM",
    "description": "Leche Sin Lactosa Entera 1 L",
    "category": "Entera",
    "url": "https://tienda.consum.es/es/p/leche-sin-lactosa-entera/7260409",
    "price": 0.99,
    "reference_price": 0.99,
    "iva": 0,
    "reference_unit": "1 L",
    "date": "2023-01-17"
  },
  {
    "id": 15436,
    "name": "Iso Go! Cítrico Botella CONSUM",
    "description": "Iso Go! Cítrico Botella 1,5 L",
    "category": "Isotónicas botella",
    "url": "https://tienda.consum.es/es/p/iso-go-citrico-botella/7279466",
    "price": 1.06,
    "reference_price": 0.71,
    "iva": 21,
    "reference_unit": "1 L",
    "date": "2023-01-17"
  },
  {
    "id": 15438,
    "name": "Tarrina Yogurt F.Bosque 900 Ml. CONSUM",
    "description": "Tarrina Yogurt F.Bosque 900 Ml. 480 Gr",
    "category": "Tarrinas",
    "url": "https://tienda.consum.es/es/p/tarrina-yogurt-fbosque-900-ml/7279912",
    "price": 3.59,
    "reference_price": 7.48,
    "iva": 10,
    "reference_unit": "1 Kg",
    "date": "2023-01-17"
  },
  {
    "id": 15440,
    "name": "Cerveza Artesana Botella TYRIS",
    "description": "Cerveza Artesana Botella 0,33 L",
    "category": "Especialidades",
    "url": "https://tienda.consum.es/es/p/cerveza-artesana-botella/7284396",
    "price": 1.55,
    "reference_price": 4.7,
    "iva": 21,
    "reference_unit": "1 L",
    "date": "2023-01-17"
  },
  {
    "id": 15446,
    "name": "Mayonesa 100% Aceite Oliva YBARRA",
    "description": "Mayonesa 100% Aceite Oliva 225 ml",
    "category": "Mayonesa",
    "url": "https://tienda.consum.es/es/p/mayonesa-100-aceite-oliva/7286487",
    "price": 2.15,
    "reference_price": 9.56,
    "iva": 10,
    "reference_unit": "1 L",
    "date": "2023-01-17"
  },
  {
    "id": 15447,
    "name": "Panela Bio INTERMON",
    "description": "Panela Bio 500 Gr",
    "category": "Azúcar",
    "url": "https://tienda.consum.es/es/p/panela-bio/7286557",
    "price": 2.29,
    "reference_price": 4.58,
    "iva": 10,
    "reference_unit": "1 Kg",
    "date": "2023-01-17"
  },
  {
    "id": 15448,
    "name": "Alcachofas en Tempura congeladas COCINARTE",
    "description": "Alcachofas en Tempura congeladas 250 Gr",
    "category": "Platos preparados",
    "url": "https://tienda.consum.es/es/p/alcachofas-en-tempura-congeladas/7287204",
    "price": 1.89,
    "reference_price": 7.56,
    "iva": 10,
    "reference_unit": "1 Kg",
    "date": "2023-01-17"
  },
  {
    "id": 15449,
    "name": "Cereales Krave Chocolate-Avellana KELLOGG'S",
    "description": "Cereales Krave Chocolate-Avellana 375 Gr",
    "category": "Cereales",
    "url": "https://tienda.consum.es/es/p/cereales-krave-chocolate-avellana/7287238",
    "price": 3.65,
    "reference_price": 8.9,
    "iva": 10,
    "reference_unit": "1 Kg",
    "date": "2023-01-17"
  },
  {
    "id": 15450,
    "name": "Depilatorio Piel Sensible Spray VEET",
    "description": "Depilatorio Piel Sensible Spray 150 ml",
    "category": "Crema, gel y spray",
    "url": "https://tienda.consum.es/es/p/depilatorio-piel-sensible-spray/7287766",
    "price": 4.5,
    "reference_price": 3,
    "iva": 21,
    "reference_unit": "100 ml",
    "date": "2023-01-17"
  },
  {
    "id": 15458,
    "name": "Batido Cacao Minibrik Pack de 3 CHOLECK",
    "description": "Batido Cacao Minibrik Pack de 3 3 x 200 ml",
    "category": "Batidos y cafés",
    "url": "https://tienda.consum.es/es/p/batido-cacao-minibrik-pack-de-3/7288673",
    "price": 1.45,
    "reference_price": 2.42,
    "iva": 10,
    "reference_unit": "1 L",
    "date": "2023-01-17"
  },
  {
    "id": 15462,
    "name": "Salchichas Pollo-Pavo 2 Unidades CONSUM",
    "description": "Salchichas Pollo-Pavo 2 Unidades 2 x 200 Gr",
    "category": "Salchichas",
    "url": "https://tienda.consum.es/es/p/salchichas-pollo-pavo-2-unidades/7269590",
    "price": 1.82,
    "reference_price": 4.55,
    "iva": 10,
    "reference_unit": "1 Kg",
    "date": "2023-01-17"
  },
  {
    "id": 15466,
    "name": "Baguettina sin Gluten ",
    "description": "Baguettina sin Gluten 100 Gr",
    "category": "Pan de horno",
    "url": "https://tienda.consum.es/es/p/baguettina-sin-gluten/7283633",
    "price": 1.11,
    "reference_price": 11.1,
    "iva": 0,
    "reference_unit": "1 Kg",
    "date": "2023-01-17"
  },
  {
    "id": 15469,
    "name": "Aceite de Oliva Virgen Extra Biológico OBA",
    "description": "Aceite de Oliva Virgen Extra Biológico 500 ml",
    "category": "Aceite de oliva virgen y virgen extra",
    "url": "https://tienda.consum.es/es/p/aceite-de-oliva-virgen-extra-biologico/7285448",
    "price": 5.87,
    "reference_price": 11.74,
    "iva": 5,
    "reference_unit": "1 L",
    "date": "2023-01-17"
  },
  {
    "id": 15474,
    "name": "Arroz Ecológico Paquete SOS",
    "description": "Arroz Ecológico Paquete 1 Kg",
    "category": "Arroz, pastas, legumbres",
    "url": "https://tienda.consum.es/es/p/arroz-ecologico-paquete/7286040",
    "price": 3.13,
    "reference_price": 3.13,
    "iva": 0,
    "reference_unit": "1 Kg",
    "date": "2023-01-17"
  },
  {
    "id": 15492,
    "name": "Café Espresso Sontuoso Cápsulas L'OR",
    "description": "Café Espresso Sontuoso Cápsulas 10 U",
    "category": "Café en cápsulas",
    "url": "https://tienda.consum.es/es/p/cafe-espresso-sontuoso-capsulas/7287753",
    "price": 3.95,
    "reference_price": 0.4,
    "iva": 10,
    "reference_unit": "1 U",
    "date": "2023-01-17"
  },
  {
    "id": 15495,
    "name": "Café Espresso Descafeinado Cápsulas L'OR",
    "description": "Café Espresso Descafeinado Cápsulas 10 U",
    "category": "Café en cápsulas",
    "url": "https://tienda.consum.es/es/p/cafe-espresso-descafeinado-capsulas/7287774",
    "price": 3.95,
    "reference_price": 0.4,
    "iva": 10,
    "reference_unit": "1 U",
    "date": "2023-01-17"
  },
  {
    "id": 15496,
    "name": "Café Espresso Ristretto Descafeinado Cápsulas L'OR",
    "description": "Café Espresso Ristretto Descafeinado Cápsulas 10 U",
    "category": "Café en cápsulas",
    "url": "https://tienda.consum.es/es/p/cafe-espresso-ristretto-descafeinado-capsulas/7287787",
    "price": 3.95,
    "reference_price": 0.4,
    "iva": 10,
    "reference_unit": "1 U",
    "date": "2023-01-17"
  },
  {
    "id": 15497,
    "name": "Café Espresso Ristretto Cápsulas L'OR",
    "description": "Café Espresso Ristretto Cápsulas 10 U",
    "category": "Café en cápsulas",
    "url": "https://tienda.consum.es/es/p/cafe-espresso-ristretto-capsulas/7287808",
    "price": 3.95,
    "reference_price": 0.4,
    "iva": 10,
    "reference_unit": "1 U",
    "date": "2023-01-17"
  },
  {
    "id": 15498,
    "name": "Spray Nasal Agua de Mar SENTI-2",
    "description": "Spray Nasal Agua de Mar 100 ml",
    "category": "Otros",
    "url": "https://tienda.consum.es/es/p/spray-nasal-agua-de-mar/7287857",
    "price": 5.99,
    "reference_price": 5.99,
    "iva": 21,
    "reference_unit": "100 ml",
    "date": "2023-01-17"
  },
  {
    "id": 15501,
    "name": "Chips de Maíz y Chía con Sal Marina Mios! RISI",
    "description": "Chips de Maíz y Chía con Sal Marina Mios! 150 Gr",
    "category": "Snacks y otros aperitivos",
    "url": "https://tienda.consum.es/es/p/chips-de-maiz-y-chia-con-sal-marina-mios/7287993",
    "price": 1.55,
    "reference_price": 10.33,
    "iva": 10,
    "reference_unit": "1 Kg",
    "date": "2023-01-17"
  },
  {
    "id": 15506,
    "name": "Garbanzos Extra Frasco GUTARRA",
    "description": "Garbanzos Extra Frasco 400 Gr",
    "category": "Garbanzos",
    "url": "https://tienda.consum.es/es/p/garbanzos-extra-frasco/7288335",
    "price": 1.55,
    "reference_price": 3.88,
    "iva": 10,
    "reference_unit": "1 Kg",
    "date": "2023-01-17"
  },
  {
    "id": 15508,
    "name": "Garbanzos con Verduras Frasco GUTARRA",
    "description": "Garbanzos con Verduras Frasco 360 Gr",
    "category": "Garbanzos",
    "url": "https://tienda.consum.es/es/p/garbanzos-con-verduras-frasco/7288348",
    "price": 2.19,
    "reference_price": 6.08,
    "iva": 10,
    "reference_unit": "1 Kg",
    "date": "2023-01-17"
  },
  {
    "id": 15514,
    "name": "Toallitas Básico DODOT",
    "description": "Toallitas Básico 54 U",
    "category": "Toallitas",
    "url": "https://tienda.consum.es/es/p/toallitas-basico/7288848",
    "price": 1.15,
    "reference_price": 0.02,
    "iva": 21,
    "reference_unit": "1 U",
    "date": "2023-01-17"
  },
  {
    "id": 15517,
    "name": "Café Cortado Cremoso Tassimo MARCILLA",
    "description": "Café Cortado Cremoso Tassimo 16 U",
    "category": "Café en cápsulas",
    "url": "https://tienda.consum.es/es/p/cafe-cortado-cremoso-tassimo/7288926",
    "price": 5.3,
    "reference_price": 0.33,
    "iva": 10,
    "reference_unit": "1 U",
    "date": "2023-01-17"
  },
  {
    "id": 15520,
    "name": "Puerro Ecológico ",
    "description": "Puerro Ecológico 750 Gr",
    "category": "Patatas, cebollas y ajos",
    "url": "https://tienda.consum.es/es/p/puerro-ecologico/7289283",
    "price": 2.88,
    "reference_price": 3.84,
    "iva": 0,
    "reference_unit": "1 Kg",
    "date": "2023-01-17"
  },
  {
    "id": 15527,
    "name": "Filete de Bacalao ",
    "description": "Filete de Bacalao - Pieza 265 g aprox.",
    "category": "Pescado blanco",
    "url": "https://tienda.consum.es/es/p/filete-de-bacalao/7108314",
    "price": 3.95,
    "reference_price": 14.9,
    "iva": 10,
    "reference_unit": "1 Kg",
    "date": "2023-01-17"
  },
  {
    "id": 15532,
    "name": "Carne de Mejillón Cocido Gallego congelada ALFRIO",
    "description": "Carne de Mejillón Cocido Gallego congelada 300 Gr",
    "category": "Pescados y mariscos",
    "url": "https://tienda.consum.es/es/p/carne-de-mejillon-cocido-gallego-congelada/7230886",
    "price": 3.15,
    "reference_price": 10.5,
    "iva": 10,
    "reference_unit": "1 Kg",
    "date": "2023-01-17"
  },
  {
    "id": 15536,
    "name": "Mejillón LIMPIO ",
    "description": "Mejillón limpio - Malla 1kg aprox.",
    "category": "Marisco",
    "url": "https://tienda.consum.es/es/p/mejillon-limpio/7253557",
    "price": 3.3,
    "reference_price": 3.3,
    "iva": 10,
    "reference_unit": "1 Kg",
    "date": "2023-01-17"
  },
  {
    "id": 15544,
    "name": "Nesquik Shake para Beber NESTLE",
    "description": "Nesquik Shake para Beber 180 ml",
    "category": "Batidos y cafés",
    "url": "https://tienda.consum.es/es/p/nesquik-shake-para-beber/7288020",
    "price": 1.59,
    "reference_price": 8.83,
    "iva": 10,
    "reference_unit": "1 L",
    "date": "2023-01-17"
  },
  {
    "id": 15545,
    "name": "Caffè Latte Mr. Big Capuccino KAIKU",
    "description": "Caffè Latte Mr. Big Capuccino 370 ml",
    "category": "Batidos y cafés",
    "url": "https://tienda.consum.es/es/p/caffe-latte-mr-big-capuccino/7288111",
    "price": 2.25,
    "reference_price": 6.08,
    "iva": 10,
    "reference_unit": "1 L",
    "date": "2023-01-17"
  },
  {
    "id": 15546,
    "name": "Garbanza Cocida Selección DON PEDRO",
    "description": "Garbanza Cocida Selección 400 Gr",
    "category": "Garbanzos",
    "url": "https://tienda.consum.es/es/p/garbanza-cocida-seleccion/7288327",
    "price": 1.65,
    "reference_price": 4.13,
    "iva": 10,
    "reference_unit": "1 Kg",
    "date": "2023-01-17"
  },
  {
    "id": 15547,
    "name": "Soluble Colágeno más Acido Hilaurónico NATURTIERRA",
    "description": "Soluble Colágeno más Acido Hilaurónico 250 Gr",
    "category": "Fitoterapia",
    "url": "https://tienda.consum.es/es/p/soluble-colageno-mas-acido-hilauronico/7288421",
    "price": 5.29,
    "reference_price": 21.16,
    "iva": 10,
    "reference_unit": "1 Kg",
    "date": "2023-01-17"
  },
  {
    "id": 15550,
    "name": "Snack cereales Chocolate Negro BICENTURY",
    "description": "Snack cereales Chocolate Negro 120 Gr",
    "category": "Alimentación dietética básica",
    "url": "https://tienda.consum.es/es/p/snack-cereales-chocolate-negro/7288629",
    "price": 2.69,
    "reference_price": 22.42,
    "iva": 10,
    "reference_unit": "1 Kg",
    "date": "2023-01-17"
  },
  {
    "id": 15551,
    "name": "Rabo de Cerdo Cocido FERGONVI",
    "description": "Rabo de Cerdo Cocido 500 Gr",
    "category": "Otros elaborados",
    "url": "https://tienda.consum.es/es/p/rabo-de-cerdo-cocido/7288657",
    "price": 3.95,
    "reference_price": 7.9,
    "iva": 10,
    "reference_unit": "1 Kg",
    "date": "2023-01-17"
  },
  {
    "id": 15558,
    "name": "Vermouth Blanco CINZANO",
    "description": "Vermouth Blanco 1 L",
    "category": "Licores y vermouth",
    "url": "https://tienda.consum.es/es/p/vermouth-blanco/7289122",
    "price": 7.49,
    "reference_price": 7.49,
    "iva": 21,
    "reference_unit": "1 L",
    "date": "2023-01-17"
  },
  {
    "id": 15559,
    "name": "Vermouth Rojo CINZANO",
    "description": "Vermouth Rojo 1 L",
    "category": "Licores y vermouth",
    "url": "https://tienda.consum.es/es/p/vermouth-rojo/7289127",
    "price": 7.49,
    "reference_price": 7.49,
    "iva": 21,
    "reference_unit": "1 L",
    "date": "2023-01-17"
  },
  {
    "id": 15563,
    "name": "Licor Crema de Horchata HUERTA ONDA",
    "description": "Licor Crema de Horchata 0,7 L",
    "category": "Licores y vermouth",
    "url": "https://tienda.consum.es/es/p/licor-crema-de-horchata/7289366",
    "price": 7.59,
    "reference_price": 10.84,
    "iva": 21,
    "reference_unit": "1 L",
    "date": "2023-01-17"
  },
  {
    "id": 15566,
    "name": "Hojas de Lasaña Frescas RANA",
    "description": "Hojas de Lasaña Frescas 250 Gr",
    "category": "Refrigeradas",
    "url": "https://tienda.consum.es/es/p/hojas-de-lasana-frescas/7199925",
    "price": 2.38,
    "reference_price": 9.52,
    "iva": 5,
    "reference_unit": "1 Kg",
    "date": "2023-01-17"
  },
  {
    "id": 15583,
    "name": "Galleta Digestive Chocolate con Leche CONSUM",
    "description": "Galleta Digestive Chocolate con Leche 300 Gr",
    "category": "Galletas de chocolate",
    "url": "https://tienda.consum.es/es/p/galleta-digestive-chocolate-con-leche/7283039",
    "price": 1.1,
    "reference_price": 3.67,
    "iva": 10,
    "reference_unit": "1 Kg",
    "date": "2023-01-17"
  },
  {
    "id": 15588,
    "name": "Snack de Maíz con Sabor a Mantequilla JUMPERS",
    "description": "Snack de Maíz con Sabor a Mantequilla 100 Gr",
    "category": "Snacks y otros aperitivos",
    "url": "https://tienda.consum.es/es/p/snack-de-maiz-con-sabor-a-mantequilla/7287985",
    "price": 1.2,
    "reference_price": 12,
    "iva": 10,
    "reference_unit": "1 Kg",
    "date": "2023-01-17"
  },
  {
    "id": 15608,
    "name": "Snack cereales Chocolate con Leche BICENTURY",
    "description": "Snack cereales Chocolate con Leche 120 Gr",
    "category": "Alimentación dietética básica",
    "url": "https://tienda.consum.es/es/p/snack-cereales-chocolate-con-leche/7288652",
    "price": 2.69,
    "reference_price": 22.42,
    "iva": 10,
    "reference_unit": "1 Kg",
    "date": "2023-01-17"
  },
  {
    "id": 15609,
    "name": "Mortadela Siciliana Lonchas ELPOZO",
    "description": "Mortadela Siciliana Lonchas 250 Gr",
    "category": "Mortadela y chopped",
    "url": "https://tienda.consum.es/es/p/mortadela-siciliana-lonchas/7288954",
    "price": 1.5,
    "reference_price": 6,
    "iva": 10,
    "reference_unit": "1 Kg",
    "date": "2023-01-17"
  },
  {
    "id": 15610,
    "name": "Mortadela con Aceitunas Lonchas ELPOZO",
    "description": "Mortadela con Aceitunas Lonchas 250 Gr",
    "category": "Mortadela y chopped",
    "url": "https://tienda.consum.es/es/p/mortadela-con-aceitunas-lonchas/7288959",
    "price": 1.5,
    "reference_price": 6,
    "iva": 10,
    "reference_unit": "1 Kg",
    "date": "2023-01-17"
  },
  {
    "id": 15611,
    "name": "Mortadela de Pavo Lonchas ELPOZO",
    "description": "Mortadela de Pavo Lonchas 300 Gr",
    "category": "Fiambres ave",
    "url": "https://tienda.consum.es/es/p/mortadela-de-pavo-lonchas/7288962",
    "price": 2,
    "reference_price": 6.67,
    "iva": 10,
    "reference_unit": "1 Kg",
    "date": "2023-01-17"
  },
  {
    "id": 15613,
    "name": "Filete de Caballa del Sur Frasco PESASUR",
    "description": "Filete de Caballa del Sur Frasco 180 Gr",
    "category": "Caballa y melva",
    "url": "https://tienda.consum.es/es/p/filete-de-caballa-del-sur-frasco/7289130",
    "price": 4.79,
    "reference_price": 26.61,
    "iva": 10,
    "reference_unit": "1 Kg",
    "date": "2023-01-17"
  },
  {
    "id": 15617,
    "name": "Ensalada Gourmet Completa FLORETTE",
    "description": "Ensalada Gourmet Completa 180 Gr",
    "category": "Ensaladas preparadas y guacamole",
    "url": "https://tienda.consum.es/es/p/ensalada-gourmet-completa/7289619",
    "price": 3.3,
    "reference_price": 18.33,
    "iva": 10,
    "reference_unit": "1 Kg",
    "date": "2023-01-17"
  },
  {
    "id": 15627,
    "name": "Aceite de Girasol Botella CONSUM",
    "description": "Aceite de Girasol Botella 1 L",
    "category": "Aceite de girasol",
    "url": "https://tienda.consum.es/es/p/aceite-de-girasol-botella/7285166",
    "price": 2.25,
    "reference_price": 2.25,
    "iva": 5,
    "reference_unit": "1 L",
    "date": "2023-01-17"
  },
  {
    "id": 15639,
    "name": "Allioli Bolsa Monodosis CHOVI",
    "description": "Allioli Bolsa Monodosis 8 x 18 Gr",
    "category": "Salsas refrigeradas",
    "url": "https://tienda.consum.es/es/p/allioli-bolsa-monodosis/7289317",
    "price": 1.99,
    "reference_price": 13.82,
    "iva": 10,
    "reference_unit": "1 Kg",
    "date": "2023-01-17"
  },
  {
    "id": 15640,
    "name": "Caramelos Miel Limón sin Azúcar HALLS",
    "description": "Caramelos Miel Limón sin Azúcar 32 Gr",
    "category": "Chicles, caramelos y gominolas",
    "url": "https://tienda.consum.es/es/p/caramelos-miel-limon-sin-azucar/7289601",
    "price": 1,
    "reference_price": 3.13,
    "iva": 10,
    "reference_unit": "100 Gr",
    "date": "2023-01-17"
  },
  {
    "id": 15648,
    "name": "Aceituna Gordal Rellena de Pepinillo Frasco CORBI",
    "description": "Aceituna Gordal Rellena de Pepinillo Frasco 160 Gr",
    "category": "Banderillas y cocktails",
    "url": "https://tienda.consum.es/es/p/aceituna-gordal-rellena-de-pepinillo-frasco/7289986",
    "price": 2.39,
    "reference_price": 14.94,
    "iva": 10,
    "reference_unit": "1 Kg",
    "date": "2023-01-17"
  },
  {
    "id": 15650,
    "name": "Tomate Frito Brik Pack de 3 CONSUM",
    "description": "Tomate Frito Brik Pack de 3 3 x 390 Gr",
    "category": "Tomate",
    "url": "https://tienda.consum.es/es/p/tomate-frito-brik-pack-de-3/7290521",
    "price": 1.45,
    "reference_price": 1.24,
    "iva": 10,
    "reference_unit": "1 Kg",
    "date": "2023-01-17"
  },
  {
    "id": 15651,
    "name": "Jamón Reserva 12 Meses NAVIDUL",
    "description": "Jamón Reserva 12 Meses",
    "category": "Jamón",
    "url": "https://tienda.consum.es/es/p/jamon-reserva-12-meses/236505",
    "price": 28.9,
    "reference_price": 28.9,
    "iva": 10,
    "reference_unit": "1 Kg",
    "date": "2023-01-17"
  },
  {
    "id": 15652,
    "name": "Lacón Ahumado TELLO",
    "description": "Lacón Ahumado",
    "category": "Cocido",
    "url": "https://tienda.consum.es/es/p/lacon-ahumado/4349346",
    "price": 14.9,
    "reference_price": 14.9,
    "iva": 10,
    "reference_unit": "1 Kg",
    "date": "2023-01-17"
  },
  {
    "id": 15653,
    "name": "Jamón Cebo de Campo 50% Ibérico 24 Meses MONTARAZ",
    "description": "Jamón Cebo de Campo 50% Ibérico 24 Meses",
    "category": "Ibéricos",
    "url": "https://tienda.consum.es/es/p/jamon-cebo-de-campo-50-iberico-24-meses/7003312",
    "price": 52.9,
    "reference_price": 52.9,
    "iva": 10,
    "reference_unit": "1 Kg",
    "date": "2023-01-17"
  },
  {
    "id": 15654,
    "name": "Pechuga de Pavo ARGAL",
    "description": "Pechuga de Pavo",
    "category": "Fiambres ave",
    "url": "https://tienda.consum.es/es/p/pechuga-de-pavo/7004443",
    "price": 13.5,
    "reference_price": 13.5,
    "iva": 10,
    "reference_unit": "1 Kg",
    "date": "2023-01-17"
  },
  {
    "id": 15655,
    "name": "Jamón Cocido Gran Selección MONELLS",
    "description": "Jamón Cocido Gran Selección",
    "category": "Jamón cocido - york",
    "url": "https://tienda.consum.es/es/p/jamon-cocido-gran-seleccion/7026958",
    "price": 15.9,
    "reference_price": 15.9,
    "iva": 10,
    "reference_unit": "1 Kg",
    "date": "2023-01-17"
  },
  {
    "id": 15656,
    "name": "Jamón Cocido Extra Bajo Grasa Reducido Sal ELPOZO",
    "description": "Jamón Cocido Extra Bajo Grasa Reducido Sal",
    "category": "Jamón cocido - york",
    "url": "https://tienda.consum.es/es/p/jamon-cocido-extra-bajo-grasa-reducido-sal/7065956",
    "price": 12.5,
    "reference_price": 12.5,
    "iva": 10,
    "reference_unit": "1 Kg",
    "date": "2023-01-17"
  },
  {
    "id": 15658,
    "name": "Jamón Cocido BONNATUR",
    "description": "Jamón Cocido",
    "category": "Jamón cocido - york",
    "url": "https://tienda.consum.es/es/p/jamon-cocido/7169030",
    "price": 13.85,
    "reference_price": 13.85,
    "iva": 10,
    "reference_unit": "1 Kg",
    "date": "2023-01-17"
  },
  {
    "id": 15659,
    "name": "Pavo Trufado C.SERRANO",
    "description": "Pavo Trufado",
    "category": "Fiambres ave",
    "url": "https://tienda.consum.es/es/p/pavo-trufado/7169803",
    "price": 10.5,
    "reference_price": 10.5,
    "iva": 10,
    "reference_unit": "1 Kg",
    "date": "2023-01-17"
  },
  {
    "id": 15661,
    "name": "Jamón Cocido Extra C. Duroc ELPOZO 1954",
    "description": "Jamón Cocido Extra C. Duroc",
    "category": "Jamón cocido - york",
    "url": "https://tienda.consum.es/es/p/jamon-cocido-extra-c-duroc/7183692",
    "price": 12.75,
    "reference_price": 12.75,
    "iva": 10,
    "reference_unit": "1 Kg",
    "date": "2023-01-17"
  },
  {
    "id": 15662,
    "name": "Pechuga de Pavo MONELLS",
    "description": "Pechuga de Pavo",
    "category": "Fiambres ave",
    "url": "https://tienda.consum.es/es/p/pechuga-de-pavo/7194376",
    "price": 10.9,
    "reference_price": 10.9,
    "iva": 10,
    "reference_unit": "1 Kg",
    "date": "2023-01-17"
  },
  {
    "id": 15663,
    "name": "Jamón Cocido Artesano MONELLS",
    "description": "Jamón Cocido Artesano",
    "category": "Jamón cocido - york",
    "url": "https://tienda.consum.es/es/p/jamon-cocido-artesano/7194384",
    "price": 10.9,
    "reference_price": 10.9,
    "iva": 10,
    "reference_unit": "1 Kg",
    "date": "2023-01-17"
  },
  {
    "id": 15667,
    "name": "Jamón Gran Reserva 18 Meses Duroc LA HOGUERA",
    "description": "Jamón Gran Reserva 18 Meses Duroc",
    "category": "Jamón",
    "url": "https://tienda.consum.es/es/p/jamon-gran-reserva-18-meses-duroc/7218063",
    "price": 23.9,
    "reference_price": 23.9,
    "iva": 10,
    "reference_unit": "1 Kg",
    "date": "2023-01-17"
  },
  {
    "id": 15668,
    "name": "Jamón Cebo 50% Ibérico 24 Meses LEGADO POZO",
    "description": "Jamón Cebo 50% Ibérico 24 Meses",
    "category": "Ibéricos",
    "url": "https://tienda.consum.es/es/p/jamon-cebo-50-iberico-24-meses/7227614",
    "price": 47.9,
    "reference_price": 47.9,
    "iva": 10,
    "reference_unit": "1 Kg",
    "date": "2023-01-17"
  },
  {
    "id": 15670,
    "name": "Pechuga de Pollo ELPOZO",
    "description": "Pechuga de Pollo",
    "category": "Fiambres ave",
    "url": "https://tienda.consum.es/es/p/pechuga-de-pollo/7235992",
    "price": 10.5,
    "reference_price": 10.5,
    "iva": 10,
    "reference_unit": "1 Kg",
    "date": "2023-01-17"
  },
  {
    "id": 15675,
    "name": "Pechuga de Pavo Sabor Ahumado TELLO",
    "description": "Pechuga de Pavo Sabor Ahumado",
    "category": "Fiambres ave",
    "url": "https://tienda.consum.es/es/p/pechuga-de-pavo-sabor-ahumado/7248743",
    "price": 18.9,
    "reference_price": 18.9,
    "iva": 10,
    "reference_unit": "1 Kg",
    "date": "2023-01-17"
  },
  {
    "id": 15677,
    "name": "Copa de Fresa Fragola Pack de 2 Unidades IL GELATO",
    "description": "Copa de Fresa Fragola Pack de 2 Unidades 2 x 90 Gr",
    "category": "Tartas y otros postres",
    "url": "https://tienda.consum.es/es/p/copa-de-fresa-fragola-pack-de-2-unidades/7262793",
    "price": 3.39,
    "reference_price": 18.83,
    "iva": 10,
    "reference_unit": "1 Kg",
    "date": "2023-01-17"
  },
  {
    "id": 15678,
    "name": "Copa de Tiramisú Pack de 2 Unidades IL GELATO",
    "description": "Copa de Tiramisú Pack de 2 Unidades 2 x 90 Gr",
    "category": "Tartas y otros postres",
    "url": "https://tienda.consum.es/es/p/copa-de-tiramisu-pack-de-2-unidades/7262798",
    "price": 3.39,
    "reference_price": 18.83,
    "iva": 10,
    "reference_unit": "1 Kg",
    "date": "2023-01-17"
  },
  {
    "id": 15687,
    "name": "Jamón Gran Reserva 15 Meses Buenasierra ARGAL",
    "description": "Jamón Gran Reserva 15 Meses Buenasierra",
    "category": "Jamón",
    "url": "https://tienda.consum.es/es/p/jamon-gran-reserva-15-meses-buenasierra/7283138",
    "price": 19.9,
    "reference_price": 19.9,
    "iva": 10,
    "reference_unit": "1 Kg",
    "date": "2023-01-17"
  },
  {
    "id": 15691,
    "name": "Aceite de Oliva Suave CONSUM",
    "description": "Aceite de Oliva Suave 1 L",
    "category": "Aceite de oliva 0, 4 y 1º",
    "url": "https://tienda.consum.es/es/p/aceite-de-oliva-suave/7285240",
    "price": 4.77,
    "reference_price": 4.77,
    "iva": 5,
    "reference_unit": "1 L",
    "date": "2023-01-17"
  },
  {
    "id": 15694,
    "name": "Loción de coco con aceite DOVE",
    "description": "Loción de coco con aceite 400 ml",
    "category": "Body-lociones",
    "url": "https://tienda.consum.es/es/p/locion-de-coco-con-aceite/7287386",
    "price": 4.75,
    "reference_price": 1.19,
    "iva": 21,
    "reference_unit": "100 ml",
    "date": "2023-01-17"
  },
  {
    "id": 15703,
    "name": "Snack cereales Chocolate Blanco BICENTURY",
    "description": "Snack cereales Chocolate Blanco 120 Gr",
    "category": "Alimentación dietética básica",
    "url": "https://tienda.consum.es/es/p/snack-cereales-chocolate-blanco/7288640",
    "price": 2.69,
    "reference_price": 22.42,
    "iva": 10,
    "reference_unit": "1 Kg",
    "date": "2023-01-17"
  },
  {
    "id": 15745,
    "name": "Colonia Masculina Nª2 Frescor Extremo V&L",
    "description": "Colonia Masculina Nª2 Frescor Extremo 150 ml",
    "category": "Masculinas",
    "url": "https://tienda.consum.es/es/p/colonia-masculina-n2-frescor-extremo/7289762",
    "price": 9.9,
    "reference_price": 6.6,
    "iva": 21,
    "reference_unit": "100 ml",
    "date": "2023-01-17"
  },
  {
    "id": 15746,
    "name": "Colonia Masculina Nº3 Seducción Magnética V&L",
    "description": "Colonia Masculina Nº3 Seducción Magnética 150 ml",
    "category": "Masculinas",
    "url": "https://tienda.consum.es/es/p/colonia-masculina-n3-seduccion-magnetica/7289767",
    "price": 9.9,
    "reference_price": 6.6,
    "iva": 21,
    "reference_unit": "100 ml",
    "date": "2023-01-17"
  },
  {
    "id": 15748,
    "name": "Vino Tinto D.O.Valencia LES ALCUSSES",
    "description": "Vino Tinto D.O.Valencia 0,75 L",
    "category": "Vinos d.o",
    "url": "https://tienda.consum.es/es/p/vino-tinto-dovalencia/7289929",
    "price": 10.5,
    "reference_price": 14,
    "iva": 21,
    "reference_unit": "1 L",
    "date": "2023-01-17"
  },
  {
    "id": 15752,
    "name": "Alas Partidas de Pollo Certificado CONSUM",
    "description": "Alas Partidas de Pollo Certificado",
    "category": "Aves y conejo",
    "url": "https://tienda.consum.es/es/p/alas-partidas-de-pollo-certificado/7290323",
    "price": 3.69,
    "reference_price": 7.37,
    "iva": 10,
    "reference_unit": "1 Kg",
    "date": "2023-01-17"
  },
  {
    "id": 15755,
    "name": "Agua de Coco 100% Botella TESORO NATUR",
    "description": "Agua de Coco 100% Botella 0,5 L",
    "category": "Refrescos",
    "url": "https://tienda.consum.es/es/p/agua-de-coco-100-botella/7290513",
    "price": 1.99,
    "reference_price": 3.98,
    "iva": 10,
    "reference_unit": "1 L",
    "date": "2023-01-17"
  },
  {
    "id": 15763,
    "name": "Judía Plana ",
    "description": "Judía Plana",
    "category": "Guisantes, habas y judías",
    "url": "https://tienda.consum.es/es/p/judia-plana/7291441",
    "price": 4.22,
    "reference_price": 4.22,
    "iva": 0,
    "reference_unit": "1 Kg",
    "date": "2023-01-17"
  },
  {
    "id": 15767,
    "name": "Aceite de Girasol Botella CONSUM",
    "description": "Aceite de Girasol Botella 5 L",
    "category": "Aceite de girasol",
    "url": "https://tienda.consum.es/es/p/aceite-de-girasol-botella/7285179",
    "price": 10.74,
    "reference_price": 2.15,
    "iva": 5,
    "reference_unit": "1 L",
    "date": "2023-01-17"
  },
  {
    "id": 15769,
    "name": "Pastillas Efervescentes Activ VITA PULS",
    "description": "Pastillas Efervescentes Activ 20 U",
    "category": "Fitoterapia",
    "url": "https://tienda.consum.es/es/p/pastillas-efervescentes-activ/7286946",
    "price": 2.55,
    "reference_price": 0.13,
    "iva": 10,
    "reference_unit": "1 U",
    "date": "2023-01-17"
  },
  {
    "id": 15776,
    "name": "Yogur Ecológico al Estilo Griego EL PASTORET",
    "description": "Yogur Ecológico al Estilo Griego 135 Gr",
    "category": "Cremosos y enriquecidos",
    "url": "https://tienda.consum.es/es/p/yogur-ecologico-al-estilo-griego/7288152",
    "price": 1.89,
    "reference_price": 14,
    "iva": 10,
    "reference_unit": "1 Kg",
    "date": "2023-01-17"
  },
  {
    "id": 15784,
    "name": "Sepia Faraónica Limpia congelada M.MORENO",
    "description": "Sepia Faraónica Limpia congelada",
    "category": "Pescados y mariscos",
    "url": "https://tienda.consum.es/es/p/sepia-faraonica-limpia-congelada/7289879",
    "price": 5.98,
    "reference_price": 14.95,
    "iva": 10,
    "reference_unit": "1 Kg",
    "date": "2023-01-17"
  },
  {
    "id": 15797,
    "name": "Filete de Merluza sin Piel congelado NOS",
    "description": "Filete de Merluza sin Piel congelado 750 Gr",
    "category": "Pescados y mariscos",
    "url": "https://tienda.consum.es/es/p/filete-de-merluza-sin-piel-congelado/7290943",
    "price": 6.39,
    "reference_price": 8.52,
    "iva": 10,
    "reference_unit": "1 Kg",
    "date": "2023-01-17"
  },
  {
    "id": 15799,
    "name": "Champú Hidratación TRESEMME",
    "description": "Champú Hidratación 100 ml",
    "category": "Champú",
    "url": "https://tienda.consum.es/es/p/champu-hidratacion/7291198",
    "price": 1.5,
    "reference_price": 1.5,
    "iva": 21,
    "reference_unit": "100 ml",
    "date": "2023-01-17"
  },
  {
    "id": 15800,
    "name": "Acondicionador Hidratación Intensa TRESEMME",
    "description": "Acondicionador Hidratación Intensa 100 ml",
    "category": "Acondicionadores",
    "url": "https://tienda.consum.es/es/p/acondicionador-hidratacion-intensa/7291206",
    "price": 1.5,
    "reference_price": 1.5,
    "iva": 21,
    "reference_unit": "100 ml",
    "date": "2023-01-17"
  },
  {
    "id": 15801,
    "name": "Crema Nutrición Intensa Piel Seca DOVE",
    "description": "Crema Nutrición Intensa Piel Seca 75 ml",
    "category": "Body-lociones",
    "url": "https://tienda.consum.es/es/p/crema-nutricion-intensa-piel-seca/7291219",
    "price": 1.35,
    "reference_price": 1.8,
    "iva": 21,
    "reference_unit": "100 ml",
    "date": "2023-01-17"
  },
  {
    "id": 15803,
    "name": "Leche Sin Lactosa Desnatada Botella PULEVA",
    "description": "Leche Sin Lactosa Desnatada Botella 1 L",
    "category": "Desnatada",
    "url": "https://tienda.consum.es/es/p/leche-sin-lactosa-desnatada-botella/7291297",
    "price": 1.3,
    "reference_price": 1.3,
    "iva": 0,
    "reference_unit": "1 L",
    "date": "2023-01-17"
  },
  {
    "id": 15804,
    "name": "Tortilla de Patata Fresca con Cebolla PALACIOS",
    "description": "Tortilla de Patata Fresca con Cebolla 650 Gr",
    "category": "Otros preparados",
    "url": "https://tienda.consum.es/es/p/tortilla-de-patata-fresca-con-cebolla/7291370",
    "price": 5.35,
    "reference_price": 8.23,
    "iva": 10,
    "reference_unit": "1 Kg",
    "date": "2023-01-17"
  },
  {
    "id": 15805,
    "name": "Brownie Choco Pack 6 Unidades MILKA",
    "description": "Brownie Choco Pack 6 Unidades 150 Gr",
    "category": "Desayuno, dulces y café",
    "url": "https://tienda.consum.es/es/p/brownie-choco-pack-6-unidades/7291578",
    "price": 2.99,
    "reference_price": 19.93,
    "iva": 10,
    "reference_unit": "1 Kg",
    "date": "2023-01-17"
  },
  {
    "id": 15811,
    "name": "Hermético para Tortillas TATAY",
    "description": "Hermético para Tortillas 1 U",
    "category": "Conservación alimentos",
    "url": "https://tienda.consum.es/es/p/hermetico-para-tortillas/7198823",
    "price": 3.99,
    "reference_price": 3.99,
    "iva": 21,
    "reference_unit": "1 U",
    "date": "2023-01-17"
  },
  {
    "id": 15814,
    "name": "Mascarilla Miel Karité KYREY",
    "description": "Mascarilla Miel Karité 250 ml",
    "category": "Mascarillas cabello",
    "url": "https://tienda.consum.es/es/p/mascarilla-miel-karite/7271828",
    "price": 2.55,
    "reference_price": 1.02,
    "iva": 21,
    "reference_unit": "100 ml",
    "date": "2023-01-17"
  },
  {
    "id": 15815,
    "name": "Champú Reparador miel y karité KYREY",
    "description": "Champú Reparador miel y karité 400 ml",
    "category": "Champú",
    "url": "https://tienda.consum.es/es/p/champu-reparador-miel-y-karite/7274186",
    "price": 1.95,
    "reference_price": 0.49,
    "iva": 21,
    "reference_unit": "100 ml",
    "date": "2023-01-17"
  },
  {
    "id": 15818,
    "name": "Salmorejo CONSUM",
    "description": "Salmorejo 1 L",
    "category": "Gazpacho",
    "url": "https://tienda.consum.es/es/p/salmorejo/7281525",
    "price": 2.15,
    "reference_price": 2.15,
    "iva": 10,
    "reference_unit": "1 L",
    "date": "2023-01-17"
  },
  {
    "id": 15819,
    "name": "Limpiador Crema Multiusos CIF",
    "description": "Limpiador Crema Multiusos 0,75 L",
    "category": "Limpieza hogar",
    "url": "https://tienda.consum.es/es/p/limpiador-crema-multiusos/7282101",
    "price": 2.55,
    "reference_price": 3.4,
    "iva": 21,
    "reference_unit": "1 L",
    "date": "2023-01-17"
  },
  {
    "id": 15820,
    "name": "Aceite de Oliva Intenso CONSUM",
    "description": "Aceite de Oliva Intenso 1 L",
    "category": "Aceite de oliva 0, 4 y 1º",
    "url": "https://tienda.consum.es/es/p/aceite-de-oliva-intenso/7285190",
    "price": 4.77,
    "reference_price": 4.77,
    "iva": 5,
    "reference_unit": "1 L",
    "date": "2023-01-17"
  },
  {
    "id": 15821,
    "name": "Cocktail Picatostes Aceite Oliva Virgen Extra ESGIR",
    "description": "Cocktail Picatostes Aceite Oliva Virgen Extra 70 Gr",
    "category": "Rosquilletas, picos y snacks",
    "url": "https://tienda.consum.es/es/p/cocktail-picatostes-aceite-oliva-virgen-extra/7287337",
    "price": 0.95,
    "reference_price": 13.57,
    "iva": 10,
    "reference_unit": "1 Kg",
    "date": "2023-01-17"
  },
  {
    "id": 15822,
    "name": "Refresco Cola Zero Zero Botella COCA-COLA",
    "description": "Refresco Cola Zero Zero Botella 1,25 L",
    "category": "Cola",
    "url": "https://tienda.consum.es/es/p/refresco-cola-zero-zero-botella/7287915",
    "price": 1.49,
    "reference_price": 1.19,
    "iva": 21,
    "reference_unit": "1 L",
    "date": "2023-01-17"
  },
  {
    "id": 15825,
    "name": "Atún Aceite Girasol Lata CALVO",
    "description": "Atún Aceite Girasol Lata 325 Gr",
    "category": "Atún y bonito",
    "url": "https://tienda.consum.es/es/p/atun-aceite-girasol-lata/7289114",
    "price": 6.25,
    "reference_price": 19.23,
    "iva": 10,
    "reference_unit": "1 Kg",
    "date": "2023-01-17"
  },
  {
    "id": 15829,
    "name": "Gel Relajante HIDROGENESSE",
    "description": "Gel Relajante 800 ml",
    "category": "Gel de baño",
    "url": "https://tienda.consum.es/es/p/gel-relajante/7290260",
    "price": 2.15,
    "reference_price": 0.27,
    "iva": 21,
    "reference_unit": "100 ml",
    "date": "2023-01-17"
  },
  {
    "id": 15839,
    "name": "Leche Sin Lactosa Semidesnatada Botella PULEVA",
    "description": "Leche Sin Lactosa Semidesnatada Botella 1 L",
    "category": "Semidesnatada",
    "url": "https://tienda.consum.es/es/p/leche-sin-lactosa-semidesnatada-botella/7291300",
    "price": 1.3,
    "reference_price": 1.3,
    "iva": 0,
    "reference_unit": "1 L",
    "date": "2023-01-17"
  },
  {
    "id": 15840,
    "name": "Lonchera Portaembutidos Fresh TATAY",
    "description": "Lonchera Portaembutidos Fresh 1 U",
    "category": "Conservación alimentos",
    "url": "https://tienda.consum.es/es/p/lonchera-portaembutidos-fresh/7291313",
    "price": 2.99,
    "reference_price": 2.99,
    "iva": 21,
    "reference_unit": "1 U",
    "date": "2023-01-17"
  },
  {
    "id": 15843,
    "name": "Colónia Dance SHAKIRA",
    "description": "Colónia Dance 50 ml",
    "category": "Femeninas",
    "url": "https://tienda.consum.es/es/p/colonia-dance/7291552",
    "price": 7.95,
    "reference_price": 15.9,
    "iva": 21,
    "reference_unit": "100 ml",
    "date": "2023-01-17"
  },
  {
    "id": 15844,
    "name": "Colonia Mujer P.ECHEVARRIA",
    "description": "Colonia Mujer 100 ml",
    "category": "Femeninas",
    "url": "https://tienda.consum.es/es/p/colonia-mujer/7291557",
    "price": 7.95,
    "reference_price": 7.95,
    "iva": 21,
    "reference_unit": "100 ml",
    "date": "2023-01-17"
  },
  {
    "id": 15845,
    "name": "Limonada Light Botella DON SIMON",
    "description": "Limonada Light Botella 1,5 L",
    "category": "Refrescos sin gas",
    "url": "https://tienda.consum.es/es/p/limonada-light-botella/7291693",
    "price": 1,
    "reference_price": 0.67,
    "iva": 21,
    "reference_unit": "1 L",
    "date": "2023-01-17"
  },
  {
    "id": 15848,
    "name": "Tortita Arroz y Quinoa Ecológica ECOCESTA",
    "description": "Tortita Arroz y Quinoa Ecológica 120 Gr",
    "category": "Tortitas",
    "url": "https://tienda.consum.es/es/p/tortita-arroz-y-quinoa-ecologica/7291805",
    "price": 1.59,
    "reference_price": 13.25,
    "iva": 10,
    "reference_unit": "1 Kg",
    "date": "2023-01-17"
  },
  {
    "id": 15850,
    "name": "Cerveza sin Gluten Lata DAURA",
    "description": "Cerveza sin Gluten Lata 0,33 L",
    "category": "Cervezas",
    "url": "https://tienda.consum.es/es/p/cerveza-sin-gluten-lata/7291995",
    "price": 0.82,
    "reference_price": 2.48,
    "iva": 21,
    "reference_unit": "1 L",
    "date": "2023-01-17"
  },
  {
    "id": 15851,
    "name": "Cerveza Tostada 0,0 Lata MAHOU",
    "description": "Cerveza Tostada 0,0 Lata 0,33 L",
    "category": "0, 0 y 0, 9",
    "url": "https://tienda.consum.es/es/p/cerveza-tostada-00-lata/7292063",
    "price": 0.79,
    "reference_price": 2.39,
    "iva": 21,
    "reference_unit": "1 L",
    "date": "2023-01-17"
  },
  {
    "id": 15862,
    "name": "SuperUnick Tubo CEYS",
    "description": "SuperUnick Tubo 1 U",
    "category": "Otros bricolaje",
    "url": "https://tienda.consum.es/es/p/superunick-tubo/7246713",
    "price": 4.85,
    "reference_price": 4.85,
    "iva": 21,
    "reference_unit": "1 U",
    "date": "2023-01-17"
  },
  {
    "id": 15866,
    "name": "Refresco Lima-Limón Botella SPRITE",
    "description": "Refresco Lima-Limón Botella 2 L",
    "category": "Limón y lima-limón",
    "url": "https://tienda.consum.es/es/p/refresco-lima-limon-botella/7289270",
    "price": 1,
    "reference_price": 0.5,
    "iva": 21,
    "reference_unit": "1 L",
    "date": "2023-01-17"
  },
  {
    "id": 15868,
    "name": "Leche Hidratante Infantil NENUCO",
    "description": "Leche Hidratante Infantil 400 ml",
    "category": "Cremas, lociones y colonia",
    "url": "https://tienda.consum.es/es/p/leche-hidratante-infantil/7290005",
    "price": 3.4,
    "reference_price": 0.85,
    "iva": 21,
    "reference_unit": "100 ml",
    "date": "2023-01-17"
  },
  {
    "id": 15869,
    "name": "Lavavajillas en Gel Excellence Limón SOMAT",
    "description": "Lavavajillas en Gel Excellence Limón 50 Do",
    "category": "Lavavajillas a máquina",
    "url": "https://tienda.consum.es/es/p/lavavajillas-en-gel-excellence-limon/7290109",
    "price": 9.69,
    "reference_price": 0.19,
    "iva": 21,
    "reference_unit": "1 Lv",
    "date": "2023-01-17"
  },
  {
    "id": 15872,
    "name": "Iso Go! Cítrico Lata CONSUM",
    "description": "Iso Go! Cítrico Lata 0,33 L",
    "category": "Isotónicas lata",
    "url": "https://tienda.consum.es/es/p/iso-go-citrico-lata/7291016",
    "price": 0.4,
    "reference_price": 1.21,
    "iva": 21,
    "reference_unit": "1 L",
    "date": "2023-01-17"
  },
  {
    "id": 15878,
    "name": "Espuma de Afeitar Piel Sensible GILLETTE",
    "description": "Espuma de Afeitar Piel Sensible 300 ml",
    "category": "Espuma de afeitar",
    "url": "https://tienda.consum.es/es/p/espuma-de-afeitar-piel-sensible/7291714",
    "price": 2.49,
    "reference_price": 0.83,
    "iva": 21,
    "reference_unit": "100 ml",
    "date": "2023-01-17"
  },
  {
    "id": 15880,
    "name": "Colonia Femenina Nº45 Mini CARAVAN",
    "description": "Colonia Femenina Nº45 Mini 30 ml",
    "category": "Femeninas",
    "url": "https://tienda.consum.es/es/p/colonia-femenina-n45-mini/7291867",
    "price": 3.5,
    "reference_price": 11.67,
    "iva": 21,
    "reference_unit": "100 ml",
    "date": "2023-01-17"
  },
  {
    "id": 15881,
    "name": "Coqueta Multicereales ",
    "description": "Coqueta Multicereales 200 Gr",
    "category": "Rosquilletas, picos y snacks",
    "url": "https://tienda.consum.es/es/p/coqueta-multicereales/7292043",
    "price": 2.29,
    "reference_price": 11.45,
    "iva": 10,
    "reference_unit": "1 Kg",
    "date": "2023-01-17"
  },
  {
    "id": 15883,
    "name": "Vermouth Blanco VITTORE",
    "description": "Vermouth Blanco 0,75 L",
    "category": "Licores y vermouth",
    "url": "https://tienda.consum.es/es/p/vermouth-blanco/7292089",
    "price": 5.19,
    "reference_price": 6.92,
    "iva": 21,
    "reference_unit": "1 L",
    "date": "2023-01-17"
  },
  {
    "id": 15885,
    "name": "Refresco de Lima-Limón Zero Botella SPRITE",
    "description": "Refresco de Lima-Limón Zero Botella 2 L",
    "category": "Limón y lima-limón",
    "url": "https://tienda.consum.es/es/p/refresco-de-lima-limon-zero-botella/7292303",
    "price": 1.54,
    "reference_price": 0.77,
    "iva": 21,
    "reference_unit": "1 L",
    "date": "2023-01-17"
  },
  {
    "id": 15886,
    "name": "Superunick Monodisis 3x1 CEYS",
    "description": "Superunick Monodisis 3x1 3 x 1 U",
    "category": "Otros bricolaje",
    "url": "https://tienda.consum.es/es/p/superunick-monodisis-3x1/7292449",
    "price": 5.99,
    "reference_price": 2,
    "iva": 21,
    "reference_unit": "1 U",
    "date": "2023-01-17"
  },
  {
    "id": 15892,
    "name": "Melocotón sin Azúcar Lata CONSUM",
    "description": "Melocotón sin Azúcar Lata 480 Gr",
    "category": "Frutas en almíbar y en su jugo",
    "url": "https://tienda.consum.es/es/p/melocoton-sin-azucar-lata/7260404",
    "price": 2.7,
    "reference_price": 5.63,
    "iva": 10,
    "reference_unit": "1 Kg",
    "date": "2023-01-17"
  },
  {
    "id": 15893,
    "name": "Cava Brut Rosado D.O.Cava ANNA CODORNI",
    "description": "Cava Brut Rosado D.O.Cava 0,75 L",
    "category": "Cavas y sidras",
    "url": "https://tienda.consum.es/es/p/cava-brut-rosado-docava/7266245",
    "price": 9.35,
    "reference_price": 12.47,
    "iva": 21,
    "reference_unit": "1 L",
    "date": "2023-01-17"
  },
  {
    "id": 15894,
    "name": "Refresco Cola Botella COCA-COLA",
    "description": "Refresco Cola Botella 1,25 L",
    "category": "Cola",
    "url": "https://tienda.consum.es/es/p/refresco-cola-botella/7287907",
    "price": 1.49,
    "reference_price": 1.19,
    "iva": 21,
    "reference_unit": "1 L",
    "date": "2023-01-17"
  },
  {
    "id": 15895,
    "name": "Refresco Cola Zero Botella COCA-COLA",
    "description": "Refresco Cola Zero Botella 1,25 L",
    "category": "Cola",
    "url": "https://tienda.consum.es/es/p/refresco-cola-zero-botella/7287923",
    "price": 1.49,
    "reference_price": 1.19,
    "iva": 21,
    "reference_unit": "1 L",
    "date": "2023-01-17"
  },
  {
    "id": 15897,
    "name": "Gel Aloe Vera Puro AIRLESS",
    "description": "Gel Aloe Vera Puro 200 ml",
    "category": "Body-lociones",
    "url": "https://tienda.consum.es/es/p/gel-aloe-vera-puro/7288889",
    "price": 5.99,
    "reference_price": 3,
    "iva": 21,
    "reference_unit": "100 ml",
    "date": "2023-01-17"
  },
  {
    "id": 15900,
    "name": "Pan Perritos Rústicos 4 Unidades ",
    "description": "Pan Perritos Rústicos 4 Unidades 220 Gr",
    "category": "Pan hamburguesas y perritos",
    "url": "https://tienda.consum.es/es/p/pan-perritos-rusticos-4-unidades/7290679",
    "price": 1.49,
    "reference_price": 6.77,
    "iva": 10,
    "reference_unit": "1 Kg",
    "date": "2023-01-17"
  },
  {
    "id": 15904,
    "name": "Compresa Liberty Noche Alas EVAX",
    "description": "Compresa Liberty Noche Alas 9 U",
    "category": "Compresas y protegeslips",
    "url": "https://tienda.consum.es/es/p/compresa-liberty-noche-alas/7291743",
    "price": 2.93,
    "reference_price": 0.33,
    "iva": 4,
    "reference_unit": "1 U",
    "date": "2023-01-17"
  },
  {
    "id": 15905,
    "name": "Vino Tinto Reserva D.O. Utiel Requena BARRICA 88",
    "description": "Vino Tinto Reserva D.O. Utiel Requena 0,75 L",
    "category": "Vinos d.o",
    "url": "https://tienda.consum.es/es/p/vino-tinto-reserva-do-utiel-requena/7291826",
    "price": 3.1,
    "reference_price": 4.13,
    "iva": 21,
    "reference_unit": "1 L",
    "date": "2023-01-17"
  },
  {
    "id": 15909,
    "name": "Pack 2 Bombillas Led Vela E14 6W 550 LM GRANLUX",
    "description": "Pack 2 Bombillas Led Vela E14 6W 550 LM 2 U",
    "category": "Electricidad, pilas y bombillas",
    "url": "https://tienda.consum.es/es/p/pack-2-bombillas-led-vela-e14-6w-550-lm/7292402",
    "price": 5.99,
    "reference_price": 3,
    "iva": 21,
    "reference_unit": "1 U",
    "date": "2023-01-17"
  },
  {
    "id": 15912,
    "name": "Leche Calcio Semidesnatada Brik ASTURIANA",
    "description": "Leche Calcio Semidesnatada Brik 1 L",
    "category": "Leche con calcio",
    "url": "https://tienda.consum.es/es/p/leche-calcio-semidesnatada-brik/7292428",
    "price": 1.29,
    "reference_price": 1.29,
    "iva": 0,
    "reference_unit": "1 L",
    "date": "2023-01-17"
  },
  {
    "id": 15914,
    "name": "Pila Alcalina AAA BAT",
    "description": "Pila Alcalina AAA 16 U",
    "category": "Electricidad, pilas y bombillas",
    "url": "https://tienda.consum.es/es/p/pila-alcalina-aaa/7292436",
    "price": 3.3,
    "reference_price": 0.21,
    "iva": 21,
    "reference_unit": "1 U",
    "date": "2023-01-17"
  },
  {
    "id": 15915,
    "name": "Pila Alcalina AA BAT",
    "description": "Pila Alcalina AA 16 U",
    "category": "Electricidad, pilas y bombillas",
    "url": "https://tienda.consum.es/es/p/pila-alcalina-aa/7292444",
    "price": 3.3,
    "reference_price": 0.21,
    "iva": 21,
    "reference_unit": "1 U",
    "date": "2023-01-17"
  },
  {
    "id": 15920,
    "name": "Vino Blanco Verdejo Tierra de Castilla A.MERCIER",
    "description": "Vino Blanco Verdejo Tierra de Castilla 0,75 L",
    "category": "Mesa",
    "url": "https://tienda.consum.es/es/p/vino-blanco-verdejo-tierra-de-castilla/7293041",
    "price": 1.99,
    "reference_price": 2.65,
    "iva": 21,
    "reference_unit": "1 L",
    "date": "2023-01-17"
  },
  {
    "id": 15921,
    "name": "Rollo Multiusos Jumbo SCOTTEX",
    "description": "Rollo Multiusos Jumbo 1 U",
    "category": "Papel de cocina",
    "url": "https://tienda.consum.es/es/p/rollo-multiusos-jumbo/7293046",
    "price": 4.49,
    "reference_price": 4.49,
    "iva": 21,
    "reference_unit": "1 U",
    "date": "2023-01-17"
  },
  {
    "id": 15922,
    "name": "Percha Madera Infantil 3 colores GUILLEM",
    "description": "Percha Madera Infantil 3 colores 3 U",
    "category": "Útiles de limpieza",
    "url": "https://tienda.consum.es/es/p/percha-madera-infantil-3-colores/7293314",
    "price": 4.65,
    "reference_price": 1.55,
    "iva": 21,
    "reference_unit": "1 U",
    "date": "2023-01-17"
  },
  {
    "id": 15923,
    "name": "Adaptador Triple Lateral GARZA",
    "description": "Adaptador Triple Lateral 1 U",
    "category": "Electricidad, pilas y bombillas",
    "url": "https://tienda.consum.es/es/p/adaptador-triple-lateral/7293384",
    "price": 3.59,
    "reference_price": 3.59,
    "iva": 21,
    "reference_unit": "1 U",
    "date": "2023-01-17"
  },
  {
    "id": 15925,
    "name": "Aceitunas Rellenas de Anchoa Suaves JOLCA",
    "description": "Aceitunas Rellenas de Anchoa Suaves 130 Gr",
    "category": "Aceitunas sin hueso",
    "url": "https://tienda.consum.es/es/p/aceitunas-rellenas-de-anchoa-suaves/7289994",
    "price": 1.55,
    "reference_price": 11.92,
    "iva": 10,
    "reference_unit": "1 Kg",
    "date": "2023-01-17"
  },
  {
    "id": 15927,
    "name": "Mantel Láminado Blanco 8metros x1.21 ",
    "description": "Mantel Láminado Blanco 8metros x1.21 1 U",
    "category": "Desechables",
    "url": "https://tienda.consum.es/es/p/mantel-laminado-blanco-8metros-x121/7290893",
    "price": 3.25,
    "reference_price": 3.25,
    "iva": 21,
    "reference_unit": "1 U",
    "date": "2023-01-17"
  },
  {
    "id": 15929,
    "name": "Pack 2 Bombillas Led Standard E27 12W 1050L GRANLUX",
    "description": "Pack 2 Bombillas Led Standard E27 12W 1050L 2 U",
    "category": "Electricidad, pilas y bombillas",
    "url": "https://tienda.consum.es/es/p/pack-2-bombillas-led-standard-e27-12w-1050l/7292394",
    "price": 7.99,
    "reference_price": 4,
    "iva": 21,
    "reference_unit": "1 U",
    "date": "2023-01-17"
  },
  {
    "id": 15936,
    "name": "Cerveza Holandesa 0,0 Botella HEINEKEN",
    "description": "Cerveza Holandesa 0,0 Botella 6 x 0,25 L",
    "category": "0, 0 y 0, 9",
    "url": "https://tienda.consum.es/es/p/cerveza-holandesa-00-botella/7288558",
    "price": 3.99,
    "reference_price": 2.66,
    "iva": 21,
    "reference_unit": "1 L",
    "date": "2023-01-17"
  },
  {
    "id": 15939,
    "name": "Aceite de Oliva Virgen CARBONELL",
    "description": "Aceite de Oliva Virgen 1 L",
    "category": "Aceite de oliva virgen y virgen extra",
    "url": "https://tienda.consum.es/es/p/aceite-de-oliva-virgen/7291177",
    "price": 6.67,
    "reference_price": 6.67,
    "iva": 5,
    "reference_unit": "1 L",
    "date": "2023-01-17"
  },
  {
    "id": 15940,
    "name": "Compresa Liberty Normal Alas EVAX",
    "description": "Compresa Liberty Normal Alas 12 U",
    "category": "Compresas y protegeslips",
    "url": "https://tienda.consum.es/es/p/compresa-liberty-normal-alas/7291750",
    "price": 2.93,
    "reference_price": 0.24,
    "iva": 4,
    "reference_unit": "1 U",
    "date": "2023-01-17"
  },
  {
    "id": 15942,
    "name": "Colonia Femenina Nº45 CARAVAN",
    "description": "Colonia Femenina Nº45 150 ml",
    "category": "Femeninas",
    "url": "https://tienda.consum.es/es/p/colonia-femenina-n45/7291842",
    "price": 10.95,
    "reference_price": 7.3,
    "iva": 21,
    "reference_unit": "100 ml",
    "date": "2023-01-17"
  },
  {
    "id": 15943,
    "name": "Colonia Femenina Nº47 Mini CARAVAN",
    "description": "Colonia Femenina Nº47 Mini 30 ml",
    "category": "Femeninas",
    "url": "https://tienda.consum.es/es/p/colonia-femenina-n47-mini/7291870",
    "price": 3.5,
    "reference_price": 11.67,
    "iva": 21,
    "reference_unit": "100 ml",
    "date": "2023-01-17"
  },
  {
    "id": 15947,
    "name": "Salsa Napolitana Frasco BARILLA",
    "description": "Salsa Napolitana Frasco 400 Gr",
    "category": "Otras salsas",
    "url": "https://tienda.consum.es/es/p/salsa-napolitana-frasco/7292472",
    "price": 2.99,
    "reference_price": 7.48,
    "iva": 10,
    "reference_unit": "1 Kg",
    "date": "2023-01-17"
  },
  {
    "id": 15949,
    "name": "Espuma Rizo Marcado GIORGI",
    "description": "Espuma Rizo Marcado 100 ml",
    "category": "Espumas y mousses",
    "url": "https://tienda.consum.es/es/p/espuma-rizo-marcado/7293066",
    "price": 2.1,
    "reference_price": 2.1,
    "iva": 21,
    "reference_unit": "100 ml",
    "date": "2023-01-17"
  },
  {
    "id": 15957,
    "name": "Base 6 Tomas 1.5 mm GARZA",
    "description": "Base 6 Tomas 1.5 mm 1 U",
    "category": "Electricidad, pilas y bombillas",
    "url": "https://tienda.consum.es/es/p/base-6-tomas-15-mm/7293371",
    "price": 6.69,
    "reference_price": 6.69,
    "iva": 21,
    "reference_unit": "1 U",
    "date": "2023-01-17"
  },
  {
    "id": 15958,
    "name": "Dentífrico Viaje Menta Suave KEMPHOR",
    "description": "Dentífrico Viaje Menta Suave 4 U",
    "category": "Higiene bucal",
    "url": "https://tienda.consum.es/es/p/dentifrico-viaje-menta-suave/7293376",
    "price": 2.25,
    "reference_price": 0.56,
    "iva": 21,
    "reference_unit": "1 U",
    "date": "2023-01-17"
  },
  {
    "id": 15960,
    "name": "Pasta Dental sin Flúor PARODONTAX",
    "description": "Pasta Dental sin Flúor 75 ml",
    "category": "Dentífricos",
    "url": "https://tienda.consum.es/es/p/pasta-dental-sin-fluor/7293694",
    "price": 5.4,
    "reference_price": 7.2,
    "iva": 21,
    "reference_unit": "100 ml",
    "date": "2023-01-17"
  },
  {
    "id": 15963,
    "name": "Batido de Chocolate sin Lactosa Pack de 6 PULEVA",
    "description": "Batido de Chocolate sin Lactosa Pack de 6 6 x 200 ml",
    "category": "Batidos y cafés",
    "url": "https://tienda.consum.es/es/p/batido-de-chocolate-sin-lactosa-pack-de-6/7293962",
    "price": 2.59,
    "reference_price": 2.16,
    "iva": 10,
    "reference_unit": "1 L",
    "date": "2023-01-17"
  },
  {
    "id": 15978,
    "name": "Aceite de Semillas Botella CONSUM",
    "description": "Aceite de Semillas Botella 5 L",
    "category": "Otros aceites",
    "url": "https://tienda.consum.es/es/p/aceite-de-semillas-botella/7285278",
    "price": 11.95,
    "reference_price": 2.39,
    "iva": 5,
    "reference_unit": "1 L",
    "date": "2023-01-17"
  },
  {
    "id": 15979,
    "name": "Refresco Cola Light Botella COCA-COLA",
    "description": "Refresco Cola Light Botella 1,25 L",
    "category": "Cola",
    "url": "https://tienda.consum.es/es/p/refresco-cola-light-botella/7287910",
    "price": 1.49,
    "reference_price": 1.19,
    "iva": 21,
    "reference_unit": "1 L",
    "date": "2023-01-17"
  },
  {
    "id": 15987,
    "name": "Mostaza Amarilla Bote HEINZ",
    "description": "Mostaza Amarilla Bote 240 Gr",
    "category": "Mostaza",
    "url": "https://tienda.consum.es/es/p/mostaza-amarilla-bote/7290138",
    "price": 2.45,
    "reference_price": 10.21,
    "iva": 10,
    "reference_unit": "1 Kg",
    "date": "2023-01-17"
  },
  {
    "id": 15993,
    "name": "Gel Refrescante Pies y Piernas KYREY PHARMA",
    "description": "Gel Refrescante Pies y Piernas 125 ml",
    "category": "Crema de pies",
    "url": "https://tienda.consum.es/es/p/gel-refrescante-pies-y-piernas/7291649",
    "price": 1.49,
    "reference_price": 1.19,
    "iva": 21,
    "reference_unit": "100 ml",
    "date": "2023-01-17"
  },
  {
    "id": 15994,
    "name": "Vino Tinto Monastrell-Peti D.O.Valencia CON UN PAR",
    "description": "Vino Tinto Monastrell-Peti D.O.Valencia 0,75 L",
    "category": "Vinos d.o",
    "url": "https://tienda.consum.es/es/p/vino-tinto-monastrell-peti-dovalencia/7291839",
    "price": 5.99,
    "reference_price": 7.99,
    "iva": 21,
    "reference_unit": "1 L",
    "date": "2023-01-17"
  },
  {
    "id": 15995,
    "name": "Colonia Femenina Nº47 CARAVAN",
    "description": "Colonia Femenina Nº47 150 ml",
    "category": "Femeninas",
    "url": "https://tienda.consum.es/es/p/colonia-femenina-n47/7291854",
    "price": 10.95,
    "reference_price": 7.3,
    "iva": 21,
    "reference_unit": "100 ml",
    "date": "2023-01-17"
  },
  {
    "id": 15996,
    "name": "Limpiador Vitrocerámica CONSUM",
    "description": "Limpiador Vitrocerámica 0,5 L",
    "category": "Limpieza cocina",
    "url": "https://tienda.consum.es/es/p/limpiador-vitroceramica/7291941",
    "price": 2,
    "reference_price": 4,
    "iva": 21,
    "reference_unit": "1 L",
    "date": "2023-01-17"
  },
  {
    "id": 15998,
    "name": "Barrita de Chocolate con Galleta Oreo MILKA",
    "description": "Barrita de Chocolate con Galleta Oreo 37 Gr",
    "category": "Chocolatinas y bombones",
    "url": "https://tienda.consum.es/es/p/barrita-de-chocolate-con-galleta-oreo/7292584",
    "price": 1.29,
    "reference_price": 3.49,
    "iva": 10,
    "reference_unit": "100 Gr",
    "date": "2023-01-17"
  },
  {
    "id": 16008,
    "name": "Salsa Agripicante Chile&Piña botella YANG-TSE",
    "description": "Salsa Agripicante Chile&Piña botella 200 Gr",
    "category": "Otras salsas",
    "url": "https://tienda.consum.es/es/p/salsa-agripicante-chilepina-botella/7293710",
    "price": 1.65,
    "reference_price": 8.25,
    "iva": 10,
    "reference_unit": "1 Kg",
    "date": "2023-01-17"
  },
  {
    "id": 16010,
    "name": "Aceite Oil&Go BB Hidratación NAT.HONEY",
    "description": "Aceite Oil&Go BB Hidratación 100 ml",
    "category": "Body-lociones",
    "url": "https://tienda.consum.es/es/p/aceite-oilgo-bb-hidratacion/7293798",
    "price": 1.55,
    "reference_price": 1.55,
    "iva": 21,
    "reference_unit": "100 ml",
    "date": "2023-01-17"
  },
  {
    "id": 16011,
    "name": "Queso Fundido Lonchas sin Lactosa EL CASERIO",
    "description": "Queso Fundido Lonchas sin Lactosa 185 Gr",
    "category": "Barra y otros nacionales",
    "url": "https://tienda.consum.es/es/p/queso-fundido-lonchas-sin-lactosa/7293814",
    "price": 2.2,
    "reference_price": 11.89,
    "iva": 0,
    "reference_unit": "1 Kg",
    "date": "2023-01-17"
  },
  {
    "id": 16021,
    "name": "Hummus Mexicano DELITUSS",
    "description": "Hummus Mexicano 150 Gr",
    "category": "Ensaladas y humus",
    "url": "https://tienda.consum.es/es/p/hummus-mexicano/7294064",
    "price": 1.69,
    "reference_price": 11.27,
    "iva": 10,
    "reference_unit": "1 Kg",
    "date": "2023-01-17"
  },
  {
    "id": 16022,
    "name": "Papilla Multicereales Solo Eco HERO",
    "description": "Papilla Multicereales Solo Eco 300 Gr",
    "category": "Alimentación infantil",
    "url": "https://tienda.consum.es/es/p/papilla-multicereales-solo-eco/7294135",
    "price": 2.99,
    "reference_price": 9.97,
    "iva": 10,
    "reference_unit": "1 Kg",
    "date": "2023-01-17"
  },
  {
    "id": 16033,
    "name": "SuperUnick Pincel 5 Gramos CEYS",
    "description": "SuperUnick Pincel 5 Gramos 1 U",
    "category": "Otros bricolaje",
    "url": "https://tienda.consum.es/es/p/superunick-pincel-5-gramos/7274335",
    "price": 6.99,
    "reference_price": 6.99,
    "iva": 21,
    "reference_unit": "1 U",
    "date": "2023-01-17"
  },
  {
    "id": 16044,
    "name": "Salvado de Avena Ecológico Eco Zen NATURTIERRA",
    "description": "Salvado de Avena Ecológico Eco Zen 350 Gr",
    "category": "Cereales",
    "url": "https://tienda.consum.es/es/p/salvado-de-avena-ecologico-eco-zen/7290547",
    "price": 1.95,
    "reference_price": 5.57,
    "iva": 10,
    "reference_unit": "1 Kg",
    "date": "2023-01-17"
  },
  {
    "id": 16047,
    "name": "Curry Madrás Intenso Frasco DUCROS",
    "description": "Curry Madrás Intenso Frasco 45 Gr",
    "category": "Especias",
    "url": "https://tienda.consum.es/es/p/curry-madras-intenso-frasco/7291065",
    "price": 2.65,
    "reference_price": 5.89,
    "iva": 10,
    "reference_unit": "100 Gr",
    "date": "2023-01-17"
  },
  {
    "id": 16048,
    "name": "Pimienta Brasil Suave Frasco DUCROS",
    "description": "Pimienta Brasil Suave Frasco 32 Gr",
    "category": "Especias",
    "url": "https://tienda.consum.es/es/p/pimienta-brasil-suave-frasco/7291073",
    "price": 2.99,
    "reference_price": 9.34,
    "iva": 10,
    "reference_unit": "100 Gr",
    "date": "2023-01-17"
  },
  {
    "id": 16049,
    "name": "Laca Spray Formato Viaje NELLY",
    "description": "Laca Spray Formato Viaje 75 ml",
    "category": "Lacas",
    "url": "https://tienda.consum.es/es/p/laca-spray-formato-viaje/7291169",
    "price": 1.19,
    "reference_price": 1.59,
    "iva": 21,
    "reference_unit": "100 ml",
    "date": "2023-01-17"
  },
  {
    "id": 16052,
    "name": "Salchicha Doble Leche CAMPOFRÍO",
    "description": "Salchicha Doble Leche 140 Gr",
    "category": "Salchichas",
    "url": "https://tienda.consum.es/es/p/salchicha-doble-leche/7291722",
    "price": 0.92,
    "reference_price": 6.57,
    "iva": 10,
    "reference_unit": "1 Kg",
    "date": "2023-01-17"
  },
  {
    "id": 16055,
    "name": "Compresa Liberty Super Alas EVAX",
    "description": "Compresa Liberty Super Alas 10 U",
    "category": "Compresas y protegeslips",
    "url": "https://tienda.consum.es/es/p/compresa-liberty-super-alas/7291771",
    "price": 2.93,
    "reference_price": 0.29,
    "iva": 4,
    "reference_unit": "1 U",
    "date": "2023-01-17"
  },
  {
    "id": 16056,
    "name": "Tinte 5.3 Capuccino OLIA",
    "description": "Tinte 5.3 Capuccino 1 U",
    "category": "Coloración",
    "url": "https://tienda.consum.es/es/p/tinte-53-capuccino/7291834",
    "price": 6.3,
    "reference_price": 6.3,
    "iva": 21,
    "reference_unit": "1 U",
    "date": "2023-01-17"
  },
  {
    "id": 16057,
    "name": "Desodorante Stick Natural Alumbre BIOGLOW",
    "description": "Desodorante Stick Natural Alumbre 60 Gr",
    "category": "Crema y barra",
    "url": "https://tienda.consum.es/es/p/desodorante-stick-natural-alumbre/7292097",
    "price": 2.2,
    "reference_price": 3.67,
    "iva": 21,
    "reference_unit": "100 ml",
    "date": "2023-01-17"
  },
  {
    "id": 16058,
    "name": "Berberechos al Natural Bote CABO PEÑAS",
    "description": "Berberechos al Natural Bote 90 Gr",
    "category": "Almejas, berberechos y navajas",
    "url": "https://tienda.consum.es/es/p/berberechos-al-natural-bote/7292357",
    "price": 4.79,
    "reference_price": 53.22,
    "iva": 10,
    "reference_unit": "1 Kg",
    "date": "2023-01-17"
  },
  {
    "id": 16066,
    "name": "Burger de Pollo Certificado 2 Unidades CONSUM",
    "description": "Burger de Pollo Certificado 2 Unidades 240 Gr",
    "category": "Picadas y hamburguesas",
    "url": "https://tienda.consum.es/es/p/burger-de-pollo-certificado-2-unidades/7293603",
    "price": 2.85,
    "reference_price": 11.88,
    "iva": 10,
    "reference_unit": "1 Kg",
    "date": "2023-01-17"
  },
  {
    "id": 16070,
    "name": "Radiatori Paquete GAROFALO",
    "description": "Radiatori Paquete 500 Gr",
    "category": "Macarrones, espaguetis y tallarines",
    "url": "https://tienda.consum.es/es/p/radiatori-paquete/7293678",
    "price": 1.9,
    "reference_price": 3.8,
    "iva": 5,
    "reference_unit": "1 Kg",
    "date": "2023-01-17"
  },
  {
    "id": 16071,
    "name": "Elicoidali Paquete GAROFALO",
    "description": "Elicoidali Paquete 500 Gr",
    "category": "Macarrones, espaguetis y tallarines",
    "url": "https://tienda.consum.es/es/p/elicoidali-paquete/7293681",
    "price": 1.9,
    "reference_price": 3.8,
    "iva": 5,
    "reference_unit": "1 Kg",
    "date": "2023-01-17"
  },
  {
    "id": 16072,
    "name": "Leche Diseñadora Rizos FRUCTIS",
    "description": "Leche Diseñadora Rizos 200 ml",
    "category": "Gel y cera",
    "url": "https://tienda.consum.es/es/p/leche-disenadora-rizos/7293686",
    "price": 4.55,
    "reference_price": 2.28,
    "iva": 21,
    "reference_unit": "100 ml",
    "date": "2023-01-17"
  },
  {
    "id": 16075,
    "name": "Conguitos Bolsa LACASA",
    "description": "Conguitos Bolsa 175 Gr",
    "category": "Chocolatinas y bombones",
    "url": "https://tienda.consum.es/es/p/conguitos-bolsa/7294101",
    "price": 2.29,
    "reference_price": 13.09,
    "iva": 10,
    "reference_unit": "1 Kg",
    "date": "2023-01-17"
  },
  {
    "id": 16076,
    "name": "Queso Semicurado Light 16 Porciones VACA QUE RIE",
    "description": "Queso Semicurado Light 16 Porciones 250 Gr",
    "category": "Quesos Fundidos",
    "url": "https://tienda.consum.es/es/p/queso-semicurado-light-16-porciones/7294148",
    "price": 2.84,
    "reference_price": 11.36,
    "iva": 0,
    "reference_unit": "1 Kg",
    "date": "2023-01-17"
  },
  {
    "id": 16078,
    "name": "Mafalda Corta Paquete GAROFALO",
    "description": "Mafalda Corta Paquete 500 Gr",
    "category": "Macarrones, espaguetis y tallarines",
    "url": "https://tienda.consum.es/es/p/mafalda-corta-paquete/7294262",
    "price": 1.9,
    "reference_price": 3.8,
    "iva": 5,
    "reference_unit": "1 Kg",
    "date": "2023-01-17"
  },
  {
    "id": 16080,
    "name": "Fusilli Lunghi Paquete GAROFALO",
    "description": "Fusilli Lunghi Paquete 500 Gr",
    "category": "Macarrones, espaguetis y tallarines",
    "url": "https://tienda.consum.es/es/p/fusilli-lunghi-paquete/7294270",
    "price": 3.1,
    "reference_price": 6.2,
    "iva": 5,
    "reference_unit": "1 Kg",
    "date": "2023-01-17"
  },
  {
    "id": 16081,
    "name": "Tagliatelle Nido Paquete GAROFALO",
    "description": "Tagliatelle Nido Paquete 500 Gr",
    "category": "Macarrones, espaguetis y tallarines",
    "url": "https://tienda.consum.es/es/p/tagliatelle-nido-paquete/7294275",
    "price": 3.1,
    "reference_price": 6.2,
    "iva": 5,
    "reference_unit": "1 Kg",
    "date": "2023-01-17"
  },
  {
    "id": 16082,
    "name": "Spaghetti Paquete GAROFALO",
    "description": "Spaghetti Paquete 500 Gr",
    "category": "Macarrones, espaguetis y tallarines",
    "url": "https://tienda.consum.es/es/p/spaghetti-paquete/7294291",
    "price": 1.9,
    "reference_price": 3.8,
    "iva": 5,
    "reference_unit": "1 Kg",
    "date": "2023-01-17"
  },
  {
    "id": 16084,
    "name": "Yogur Original con Fresas Pack 2 Und. DANONE",
    "description": "Yogur Original con Fresas Pack 2 Und. 2 x 135 Gr",
    "category": "Cremosos y enriquecidos",
    "url": "https://tienda.consum.es/es/p/yogur-original-con-fresas-pack-2-und/7294366",
    "price": 1.69,
    "reference_price": 6.5,
    "iva": 10,
    "reference_unit": "1 Kg",
    "date": "2023-01-17"
  },
  {
    "id": 16085,
    "name": "Yogur Original Natural Azucarado Pack 2 Ud. DANONE",
    "description": "Yogur Original Natural Azucarado Pack 2 Ud. 2 x 135 Gr",
    "category": "Cremosos y enriquecidos",
    "url": "https://tienda.consum.es/es/p/yogur-original-natural-azucarado-pack-2-ud/7294382",
    "price": 1.49,
    "reference_price": 5.73,
    "iva": 10,
    "reference_unit": "1 Kg",
    "date": "2023-01-17"
  },
  {
    "id": 16086,
    "name": "Yogur Original Natural Pack de 2 Unidades DANONE",
    "description": "Yogur Original Natural Pack de 2 Unidades 2 x 135 Gr",
    "category": "Cremosos y enriquecidos",
    "url": "https://tienda.consum.es/es/p/yogur-original-natural-pack-de-2-unidades/7294387",
    "price": 1.49,
    "reference_price": 5.73,
    "iva": 10,
    "reference_unit": "1 Kg",
    "date": "2023-01-17"
  },
  {
    "id": 16087,
    "name": "Catalana Tradicional SALGOT",
    "description": "Catalana Tradicional",
    "category": "Otros cocidos",
    "url": "https://tienda.consum.es/es/p/catalana-tradicional/7294411",
    "price": 12.9,
    "reference_price": 12.9,
    "iva": 10,
    "reference_unit": "1 Kg",
    "date": "2023-01-17"
  },
  {
    "id": 16090,
    "name": "Cepillo Exfoliante Active Pure GARNIER",
    "description": "Cepillo Exfoliante Active Pure 1 U",
    "category": "Limpieza y desmaquilladores",
    "url": "https://tienda.consum.es/es/p/cepillo-exfoliante-active-pure/7294564",
    "price": 5.29,
    "reference_price": 5.29,
    "iva": 21,
    "reference_unit": "1 U",
    "date": "2023-01-17"
  },
  {
    "id": 16092,
    "name": "Antipolillas Trampa Alimentos 2 Más 1Regalo POLIL",
    "description": "Antipolillas Trampa Alimentos 2 Más 1Regalo 3 U",
    "category": "Antipolillas y carcoma",
    "url": "https://tienda.consum.es/es/p/antipolillas-trampa-alimentos-2-mas-1regalo/7294747",
    "price": 7.5,
    "reference_price": 2.5,
    "iva": 21,
    "reference_unit": "1 U",
    "date": "2023-01-17"
  },
  {
    "id": 16096,
    "name": "Leche Condensada Entera Sirvefácil CONSUM",
    "description": "Leche Condensada Entera Sirvefácil 450 Gr",
    "category": "Condensada",
    "url": "https://tienda.consum.es/es/p/leche-condensada-entera-sirvefacil/7274900",
    "price": 2.75,
    "reference_price": 6.11,
    "iva": 10,
    "reference_unit": "1 Kg",
    "date": "2023-01-17"
  },
  {
    "id": 16097,
    "name": "Leche Condensada Desnatada Sirvefácil CONSUM",
    "description": "Leche Condensada Desnatada Sirvefácil 450 Gr",
    "category": "Condensada",
    "url": "https://tienda.consum.es/es/p/leche-condensada-desnatada-sirvefacil/7274905",
    "price": 2.95,
    "reference_price": 6.56,
    "iva": 10,
    "reference_unit": "1 Kg",
    "date": "2023-01-17"
  },
  {
    "id": 16104,
    "name": "Mascarilla cabellos blancos NELLY",
    "description": "Mascarilla cabellos blancos 150 ml",
    "category": "Mascarillas cabello",
    "url": "https://tienda.consum.es/es/p/mascarilla-cabellos-blancos/7291813",
    "price": 4.55,
    "reference_price": 3.03,
    "iva": 21,
    "reference_unit": "100 ml",
    "date": "2023-01-17"
  },
  {
    "id": 16105,
    "name": "Ambientador Pulverizador Frutos Rojos MYHOME",
    "description": "Ambientador Pulverizador Frutos Rojos 1 U",
    "category": "Aerosol spray o pistola",
    "url": "https://tienda.consum.es/es/p/ambientador-pulverizador-frutos-rojos/7292360",
    "price": 2.79,
    "reference_price": 2.79,
    "iva": 21,
    "reference_unit": "1 U",
    "date": "2023-01-17"
  },
  {
    "id": 16107,
    "name": "Toallitas Desodorantes SALUSTAR",
    "description": "Toallitas Desodorantes 15 U",
    "category": "Crema y barra",
    "url": "https://tienda.consum.es/es/p/toallitas-desodorantes/7294119",
    "price": 1,
    "reference_price": 0.07,
    "iva": 21,
    "reference_unit": "1 U",
    "date": "2023-01-17"
  },
  {
    "id": 16112,
    "name": "Té Limón Instantáneo Sin Azúcar 8 sobres LOADING",
    "description": "Té Limón Instantáneo Sin Azúcar 8 sobres 8 L",
    "category": "Té",
    "url": "https://tienda.consum.es/es/p/te-limon-instantaneo-sin-azucar-8-sobres/7294606",
    "price": 1.65,
    "reference_price": 0.21,
    "iva": 21,
    "reference_unit": "1 L",
    "date": "2023-01-17"
  },
  {
    "id": 16113,
    "name": "Refresco Fr. Rojos Instantáneo Sin Azúcar LOADING",
    "description": "Refresco Fr. Rojos Instantáneo Sin Azúcar 8 L",
    "category": "Refrescos",
    "url": "https://tienda.consum.es/es/p/refresco-fr-rojos-instantaneo-sin-azucar/7294614",
    "price": 1.72,
    "reference_price": 0.22,
    "iva": 21,
    "reference_unit": "1 L",
    "date": "2023-01-17"
  },
  {
    "id": 16116,
    "name": "Crema de Afeitar LEA",
    "description": "Crema de Afeitar 150 ml",
    "category": "Crema de afeitado",
    "url": "https://tienda.consum.es/es/p/crema-de-afeitar/7294791",
    "price": 1.75,
    "reference_price": 1.17,
    "iva": 21,
    "reference_unit": "100 ml",
    "date": "2023-01-17"
  },
  {
    "id": 16117,
    "name": "Queso Oveja al Pedro Ximénez CARMEN",
    "description": "Queso Oveja al Pedro Ximénez 200 Gr",
    "category": "Quesos Curados",
    "url": "https://tienda.consum.es/es/p/queso-oveja-al-pedro-ximenez/7294804",
    "price": 3.64,
    "reference_price": 18.2,
    "iva": 0,
    "reference_unit": "1 Kg",
    "date": "2023-01-17"
  },
  {
    "id": 16118,
    "name": "Salchichón de Toledo EMB. ESPAÑA",
    "description": "Salchichón de Toledo 260 Gr",
    "category": "Otros curados",
    "url": "https://tienda.consum.es/es/p/salchichon-de-toledo/7294841",
    "price": 3.79,
    "reference_price": 14.58,
    "iva": 10,
    "reference_unit": "1 Kg",
    "date": "2023-01-17"
  },
  {
    "id": 16121,
    "name": "Cereales Lion Wild Rellenos de Cacao NESTLE",
    "description": "Cereales Lion Wild Rellenos de Cacao 410 Gr",
    "category": "Cereales",
    "url": "https://tienda.consum.es/es/p/cereales-lion-wild-rellenos-de-cacao/7294887",
    "price": 3.59,
    "reference_price": 9.97,
    "iva": 10,
    "reference_unit": "1 Kg",
    "date": "2023-01-17"
  },
  {
    "id": 16122,
    "name": "Cereales Fitness Con Chocolate Negro NESTLE",
    "description": "Cereales Fitness Con Chocolate Negro 375 Gr",
    "category": "Cereales",
    "url": "https://tienda.consum.es/es/p/cereales-fitness-con-chocolate-negro/7294929",
    "price": 2.99,
    "reference_price": 7.97,
    "iva": 10,
    "reference_unit": "1 Kg",
    "date": "2023-01-17"
  },
  {
    "id": 16131,
    "name": "Set Escanciador y Tapón de Vacío para Vinos BOUQUET",
    "description": "Set Escanciador y Tapón de Vacío para Vinos 1 U",
    "category": "Menaje cocina",
    "url": "https://tienda.consum.es/es/p/set-escanciador-y-tapon-de-vacio-para-vinos/7263218",
    "price": 5.79,
    "reference_price": 5.79,
    "iva": 21,
    "reference_unit": "1 U",
    "date": "2023-01-17"
  },
  {
    "id": 16132,
    "name": "Iso Go! Naranja Lata CONSUM",
    "description": "Iso Go! Naranja Lata 0,33 L",
    "category": "Isotónicas lata",
    "url": "https://tienda.consum.es/es/p/iso-go-naranja-lata/7279474",
    "price": 0.4,
    "reference_price": 1.21,
    "iva": 21,
    "reference_unit": "1 L",
    "date": "2023-01-17"
  },
  {
    "id": 16133,
    "name": "Salsa Pesto CONSUM",
    "description": "Salsa Pesto 185 Gr",
    "category": "Otras salsas",
    "url": "https://tienda.consum.es/es/p/salsa-pesto/7283869",
    "price": 1.69,
    "reference_price": 9.14,
    "iva": 10,
    "reference_unit": "1 Kg",
    "date": "2023-01-17"
  },
  {
    "id": 16134,
    "name": "Aceite de Semillas Botella CONSUM",
    "description": "Aceite de Semillas Botella 1 L",
    "category": "Otros aceites",
    "url": "https://tienda.consum.es/es/p/aceite-de-semillas-botella/7285273",
    "price": 2.49,
    "reference_price": 2.49,
    "iva": 5,
    "reference_unit": "1 L",
    "date": "2023-01-17"
  },
  {
    "id": 16138,
    "name": "Garbanzo Pedrosillano Paquete LUENGO",
    "description": "Garbanzo Pedrosillano Paquete 500 Gr",
    "category": "Legumbres secas",
    "url": "https://tienda.consum.es/es/p/garbanzo-pedrosillano-paquete/7289791",
    "price": 1.43,
    "reference_price": 2.86,
    "iva": 0,
    "reference_unit": "1 Kg",
    "date": "2023-01-17"
  },
  {
    "id": 16139,
    "name": "Salsa César Bote HEINZ",
    "description": "Salsa César Bote 400 ml",
    "category": "Otras salsas",
    "url": "https://tienda.consum.es/es/p/salsa-cesar-bote/7289796",
    "price": 3.75,
    "reference_price": 9.38,
    "iva": 10,
    "reference_unit": "1 L",
    "date": "2023-01-17"
  },
  {
    "id": 16140,
    "name": "Limpia Metales LUMINIA",
    "description": "Limpia Metales 0,5 L",
    "category": "Otros limpiadores específicos",
    "url": "https://tienda.consum.es/es/p/limpia-metales/7289932",
    "price": 3.59,
    "reference_price": 7.18,
    "iva": 21,
    "reference_unit": "1 L",
    "date": "2023-01-17"
  },
  {
    "id": 16141,
    "name": "Guindilla Rubia Picante Toreras Frasco KIMBO",
    "description": "Guindilla Rubia Picante Toreras Frasco 120 Gr",
    "category": "Guindillas",
    "url": "https://tienda.consum.es/es/p/guindilla-rubia-picante-toreras-frasco/7289973",
    "price": 1.99,
    "reference_price": 16.58,
    "iva": 10,
    "reference_unit": "1 Kg",
    "date": "2023-01-17"
  },
  {
    "id": 16142,
    "name": "Salsa Boloñesa Chorizo Frasco HIDA",
    "description": "Salsa Boloñesa Chorizo Frasco 350 Gr",
    "category": "Otras salsas",
    "url": "https://tienda.consum.es/es/p/salsa-bolonesa-chorizo-frasco/7291086",
    "price": 2.49,
    "reference_price": 7.11,
    "iva": 10,
    "reference_unit": "1 Kg",
    "date": "2023-01-17"
  },
  {
    "id": 16150,
    "name": "Salsa Alioli Frasco YBARRA",
    "description": "Salsa Alioli Frasco 225 ml",
    "category": "Otras salsas",
    "url": "https://tienda.consum.es/es/p/salsa-alioli-frasco/7292139",
    "price": 1.65,
    "reference_price": 7.33,
    "iva": 10,
    "reference_unit": "1 L",
    "date": "2023-01-17"
  },
  {
    "id": 16162,
    "name": "Café Espresso Ristretto Cápsulas L'OR",
    "description": "Café Espresso Ristretto Cápsulas 20 U",
    "category": "Café en cápsulas",
    "url": "https://tienda.consum.es/es/p/cafe-espresso-ristretto-capsulas/7293541",
    "price": 7.79,
    "reference_price": 0.39,
    "iva": 10,
    "reference_unit": "1 U",
    "date": "2023-01-17"
  },
  {
    "id": 16163,
    "name": "Café Espresso Ristretto Descafeinado Cápsulas L'OR",
    "description": "Café Espresso Ristretto Descafeinado Cápsulas 20 U",
    "category": "Café en cápsulas",
    "url": "https://tienda.consum.es/es/p/cafe-espresso-ristretto-descafeinado-capsulas/7293546",
    "price": 7.79,
    "reference_price": 0.39,
    "iva": 10,
    "reference_unit": "1 U",
    "date": "2023-01-17"
  },
  {
    "id": 16167,
    "name": "Tarrito Solo Eco Dorada con Verduritas HERO",
    "description": "Tarrito Solo Eco Dorada con Verduritas 190 Gr",
    "category": "Alimentación infantil",
    "url": "https://tienda.consum.es/es/p/tarrito-solo-eco-dorada-con-verduritas/7294184",
    "price": 1.95,
    "reference_price": 10.26,
    "iva": 10,
    "reference_unit": "1 Kg",
    "date": "2023-01-17"
  },
  {
    "id": 16168,
    "name": "Pouche Solo Eco Pera,Platano y naranja HERO",
    "description": "Pouche Solo Eco Pera,Platano y naranja 100 Gr",
    "category": "Alimentación infantil",
    "url": "https://tienda.consum.es/es/p/pouche-solo-eco-peraplatano-y-naranja/7294189",
    "price": 1.29,
    "reference_price": 12.9,
    "iva": 10,
    "reference_unit": "1 Kg",
    "date": "2023-01-17"
  },
  {
    "id": 16170,
    "name": "Harina Para Pizza Paquete HARIMSA",
    "description": "Harina Para Pizza Paquete 500 Gr",
    "category": "Harinas y levaduras",
    "url": "https://tienda.consum.es/es/p/harina-para-pizza-paquete/7294317",
    "price": 1.29,
    "reference_price": 2.58,
    "iva": 10,
    "reference_unit": "1 Kg",
    "date": "2023-01-17"
  },
  {
    "id": 16171,
    "name": "Cortauñas Manos BETER",
    "description": "Cortauñas Manos 1 U",
    "category": "Manicura y pedicura",
    "url": "https://tienda.consum.es/es/p/cortaunas-manos/7294432",
    "price": 2.15,
    "reference_price": 2.15,
    "iva": 21,
    "reference_unit": "1 U",
    "date": "2023-01-17"
  },
  {
    "id": 16172,
    "name": "Media Hogaza Integral de Espelta y Fibra ",
    "description": "Media Hogaza Integral de Espelta y Fibra 300 Gr",
    "category": "Pan de molde y rebanado",
    "url": "https://tienda.consum.es/es/p/media-hogaza-integral-de-espelta-y-fibra/7294465",
    "price": 2.49,
    "reference_price": 8.3,
    "iva": 10,
    "reference_unit": "1 Kg",
    "date": "2023-01-17"
  },
  {
    "id": 16174,
    "name": "Jabón Manos Mora LAISEVEN",
    "description": "Jabón Manos Mora 400 ml",
    "category": "Gel de manos",
    "url": "https://tienda.consum.es/es/p/jabon-manos-mora/7294502",
    "price": 2.79,
    "reference_price": 0.7,
    "iva": 21,
    "reference_unit": "100 ml",
    "date": "2023-01-17"
  },
  {
    "id": 16178,
    "name": "Spray Bucal Sin alcohol FORAMEN",
    "description": "Spray Bucal Sin alcohol 6 ml",
    "category": "Higiene bucal",
    "url": "https://tienda.consum.es/es/p/spray-bucal-sin-alcohol/7294528",
    "price": 1.25,
    "reference_price": 20.83,
    "iva": 21,
    "reference_unit": "100 ml",
    "date": "2023-01-17"
  },
  {
    "id": 16179,
    "name": "Crema Hydragenius Piel Mixta a Grasa L'OREAL",
    "description": "Crema Hydragenius Piel Mixta a Grasa 1 U",
    "category": "Hidratación",
    "url": "https://tienda.consum.es/es/p/crema-hydragenius-piel-mixta-a-grasa/7294577",
    "price": 9.39,
    "reference_price": 9.39,
    "iva": 21,
    "reference_unit": "1 U",
    "date": "2023-01-17"
  },
  {
    "id": 16181,
    "name": "Pinza Peluquería PONETTE",
    "description": "Pinza Peluquería 6 U",
    "category": "Peines y accesorios",
    "url": "https://tienda.consum.es/es/p/pinza-peluqueria/7294754",
    "price": 1.95,
    "reference_price": 0.33,
    "iva": 21,
    "reference_unit": "1 U",
    "date": "2023-01-17"
  },
  {
    "id": 16182,
    "name": "Cepillo Neumático Grande PONETTE",
    "description": "Cepillo Neumático Grande 1 U",
    "category": "Peines y accesorios",
    "url": "https://tienda.consum.es/es/p/cepillo-neumatico-grande/7294759",
    "price": 1.5,
    "reference_price": 1.5,
    "iva": 21,
    "reference_unit": "1 U",
    "date": "2023-01-17"
  },
  {
    "id": 16183,
    "name": "Clip Negro PONETTE",
    "description": "Clip Negro 20 U",
    "category": "Peines y accesorios",
    "url": "https://tienda.consum.es/es/p/clip-negro/7294762",
    "price": 1.55,
    "reference_price": 0.08,
    "iva": 21,
    "reference_unit": "1 U",
    "date": "2023-01-17"
  },
  {
    "id": 16185,
    "name": "Cuartos Traseros Pollo Familiar CONSUM",
    "description": "Cuartos Traseros Pollo Familiar",
    "category": "Aves y conejo",
    "url": "https://tienda.consum.es/es/p/cuartos-traseros-pollo-familiar/7294861",
    "price": 6.7,
    "reference_price": 3.35,
    "iva": 10,
    "reference_unit": "1 Kg",
    "date": "2023-01-17"
  },
  {
    "id": 16187,
    "name": "Tarta Mousse de Limón ",
    "description": "Tarta Mousse de Limón 550 Gr",
    "category": "Tartas ",
    "url": "https://tienda.consum.es/es/p/tarta-mousse-de-limon/7294903",
    "price": 7.79,
    "reference_price": 14.16,
    "iva": 10,
    "reference_unit": "1 Kg",
    "date": "2023-01-17"
  },
  {
    "id": 16188,
    "name": "Flakes de Avena OATIBIX",
    "description": "Flakes de Avena 550 Gr",
    "category": "Cereales",
    "url": "https://tienda.consum.es/es/p/flakes-de-avena/7294908",
    "price": 3.15,
    "reference_price": 5.73,
    "iva": 10,
    "reference_unit": "1 Kg",
    "date": "2023-01-17"
  },
  {
    "id": 16197,
    "name": "Tónica Hibiscus Botellín SCHWEPPES",
    "description": "Tónica Hibiscus Botellín 0,2 L",
    "category": "Tónica",
    "url": "https://tienda.consum.es/es/p/tonica-hibiscus-botellin/7295496",
    "price": 1.69,
    "reference_price": 8.45,
    "iva": 21,
    "reference_unit": "1 L",
    "date": "2023-01-17"
  },
  {
    "id": 16201,
    "name": "Vermouth Rojo VITTORE",
    "description": "Vermouth Rojo 0,75 L",
    "category": "Licores y vermouth",
    "url": "https://tienda.consum.es/es/p/vermouth-rojo/7292092",
    "price": 5.19,
    "reference_price": 6.92,
    "iva": 21,
    "reference_unit": "1 L",
    "date": "2023-01-17"
  },
  {
    "id": 16206,
    "name": "Mini Galletas Dinosaurus a Cucharadas ARTIACH",
    "description": "Mini Galletas Dinosaurus a Cucharadas 320 Gr",
    "category": "Desayuno y merienda infantil",
    "url": "https://tienda.consum.es/es/p/mini-galletas-dinosaurus-a-cucharadas/7294945",
    "price": 2.99,
    "reference_price": 9.34,
    "iva": 10,
    "reference_unit": "1 Kg",
    "date": "2023-01-17"
  },
  {
    "id": 16210,
    "name": "Queso Havarti Lonchas G.BAQUERO",
    "description": "Queso Havarti Lonchas 80 Gr",
    "category": "Bola, edam, gouda, maasdam",
    "url": "https://tienda.consum.es/es/p/queso-havarti-lonchas/7295447",
    "price": 1.24,
    "reference_price": 15.5,
    "iva": 0,
    "reference_unit": "1 Kg",
    "date": "2023-01-17"
  },
  {
    "id": 16213,
    "name": "Café con Leche Botella PULEVA",
    "description": "Café con Leche Botella 1 L",
    "category": "Batidos y cafés",
    "url": "https://tienda.consum.es/es/p/cafe-con-leche-botella/7295566",
    "price": 2.15,
    "reference_price": 2.15,
    "iva": 10,
    "reference_unit": "1 L",
    "date": "2023-01-17"
  },
  {
    "id": 16217,
    "name": "Croissants 0% Azúcares Bolsa 8 Unidades BELLA EASO",
    "description": "Croissants 0% Azúcares Bolsa 8 Unidades 240 Gr",
    "category": "Bollería industrial",
    "url": "https://tienda.consum.es/es/p/croissants-0-azucares-bolsa-8-unidades/7295731",
    "price": 2.69,
    "reference_price": 11.21,
    "iva": 10,
    "reference_unit": "1 Kg",
    "date": "2023-01-17"
  },
  {
    "id": 16218,
    "name": "Magdalena 0% Azúcares Bolsa 8 Unidades BELLA EASO",
    "description": "Magdalena 0% Azúcares Bolsa 8 Unidades 232 Gr",
    "category": "Bollería industrial",
    "url": "https://tienda.consum.es/es/p/magdalena-0-azucares-bolsa-8-unidades/7295736",
    "price": 2.69,
    "reference_price": 11.59,
    "iva": 10,
    "reference_unit": "1 Kg",
    "date": "2023-01-17"
  },
  {
    "id": 16223,
    "name": "Mantel Laminado Colores Surtidos 5x1.2 ",
    "description": "Mantel Laminado Colores Surtidos 5x1.2 1 U",
    "category": "Desechables",
    "url": "https://tienda.consum.es/es/p/mantel-laminado-colores-surtidos-5x12/7290885",
    "price": 3.49,
    "reference_price": 3.49,
    "iva": 21,
    "reference_unit": "1 U",
    "date": "2023-01-17"
  },
  {
    "id": 16224,
    "name": "Tortilla de Patata Fresca con Espinacas PALACIOS",
    "description": "Tortilla de Patata Fresca con Espinacas 300 Gr",
    "category": "Otros preparados",
    "url": "https://tienda.consum.es/es/p/tortilla-de-patata-fresca-con-espinacas/7295553",
    "price": 2.99,
    "reference_price": 9.97,
    "iva": 10,
    "reference_unit": "1 Kg",
    "date": "2023-01-17"
  },
  {
    "id": 16227,
    "name": "Filete Merluza del Cabo sin Piel congelado NOS",
    "description": "Filete Merluza del Cabo sin Piel congelado 400 Gr",
    "category": "Pescados y mariscos",
    "url": "https://tienda.consum.es/es/p/filete-merluza-del-cabo-sin-piel-congelado/7292746",
    "price": 4.29,
    "reference_price": 10.73,
    "iva": 10,
    "reference_unit": "1 Kg",
    "date": "2023-01-17"
  },
  {
    "id": 16234,
    "name": "Mini Galletas Dibus Sharkies Sin Gluten GULLON",
    "description": "Mini Galletas Dibus Sharkies Sin Gluten 250 Gr",
    "category": "Desayuno y merienda infantil",
    "url": "https://tienda.consum.es/es/p/mini-galletas-dibus-sharkies-sin-gluten/7294952",
    "price": 2.89,
    "reference_price": 11.56,
    "iva": 10,
    "reference_unit": "1 Kg",
    "date": "2023-01-17"
  },
  {
    "id": 16236,
    "name": "Tiras de Pollo Asado LA BROCHE",
    "description": "Tiras de Pollo Asado 125 Gr",
    "category": "Fiambres ave",
    "url": "https://tienda.consum.es/es/p/tiras-de-pollo-asado/7295165",
    "price": 2.25,
    "reference_price": 18,
    "iva": 10,
    "reference_unit": "1 Kg",
    "date": "2023-01-17"
  },
  {
    "id": 16238,
    "name": "Caldo para Paella de Marisco LA FALLERA",
    "description": "Caldo para Paella de Marisco 600 ml",
    "category": "Caldos y sopas",
    "url": "https://tienda.consum.es/es/p/caldo-para-paella-de-marisco/7295467",
    "price": 4.19,
    "reference_price": 6.98,
    "iva": 10,
    "reference_unit": "1 L",
    "date": "2023-01-17"
  },
  {
    "id": 16247,
    "name": "Bayeta Microfibra Colors VILEDA",
    "description": "Bayeta Microfibra Colors 4 U",
    "category": "Bayetas, gamuzas y plumeros",
    "url": "https://tienda.consum.es/es/p/bayeta-microfibra-colors/7295769",
    "price": 4.45,
    "reference_price": 1.11,
    "iva": 21,
    "reference_unit": "1 U",
    "date": "2023-01-17"
  },
  {
    "id": 16249,
    "name": "Caramelos Toffe Tradicional sin Azúcar SOLANO",
    "description": "Caramelos Toffe Tradicional sin Azúcar 99 Gr",
    "category": "Chicles, caramelos y gominolas",
    "url": "https://tienda.consum.es/es/p/caramelos-toffe-tradicional-sin-azucar/7295900",
    "price": 2.49,
    "reference_price": 25.15,
    "iva": 10,
    "reference_unit": "1 Kg",
    "date": "2023-01-17"
  },
  {
    "id": 16251,
    "name": "Brotes de Espinacas Ecológico TALLO VERDE",
    "description": "Brotes de Espinacas Ecológico 80 Gr",
    "category": "Ensaladas y brotes",
    "url": "https://tienda.consum.es/es/p/brotes-de-espinacas-ecologico/7296226",
    "price": 1.72,
    "reference_price": 21.5,
    "iva": 0,
    "reference_unit": "1 Kg",
    "date": "2023-01-17"
  },
  {
    "id": 16253,
    "name": "Sándwich Pavo y Queso con Espinacas VITAL",
    "description": "Sándwich Pavo y Queso con Espinacas 190 Gr",
    "category": "Bocadillos y sándwich listos",
    "url": "https://tienda.consum.es/es/p/sandwich-pavo-y-queso-con-espinacas/7296346",
    "price": 1.59,
    "reference_price": 8.37,
    "iva": 10,
    "reference_unit": "1 Kg",
    "date": "2023-01-17"
  },
  {
    "id": 16256,
    "name": "Estropajo Fibra Verde CONSUM",
    "description": "Estropajo Fibra Verde 4 U",
    "category": "Estropajos",
    "url": "https://tienda.consum.es/es/p/estropajo-fibra-verde/7260128",
    "price": 1.05,
    "reference_price": 0.26,
    "iva": 21,
    "reference_unit": "1 U",
    "date": "2023-01-17"
  },
  {
    "id": 16258,
    "name": "Aceite de Oliva Virgen Extra ALDALUZ",
    "description": "Aceite de Oliva Virgen Extra 250 ml",
    "category": "Aceite de oliva virgen y virgen extra",
    "url": "https://tienda.consum.es/es/p/aceite-de-oliva-virgen-extra/7295520",
    "price": 2.77,
    "reference_price": 11.08,
    "iva": 5,
    "reference_unit": "1 L",
    "date": "2023-01-17"
  },
  {
    "id": 16267,
    "name": "Cerveza 0,0% Lata ADLERBRAU",
    "description": "Cerveza 0,0% Lata 0,33 L",
    "category": "0, 0 y 0, 9",
    "url": "https://tienda.consum.es/es/p/cerveza-00-lata/7296010",
    "price": 0.35,
    "reference_price": 1.06,
    "iva": 21,
    "reference_unit": "1 L",
    "date": "2023-01-17"
  },
  {
    "id": 16268,
    "name": "Mini Croissant Mantequilla 6 Unidades ",
    "description": "Mini Croissant Mantequilla 6 Unidades 120 Gr",
    "category": "Croissants y ensaimadas",
    "url": "https://tienda.consum.es/es/p/mini-croissant-mantequilla-6-unidades/7296028",
    "price": 1,
    "reference_price": 8.33,
    "iva": 10,
    "reference_unit": "1 Kg",
    "date": "2023-01-17"
  },
  {
    "id": 16269,
    "name": "Sándwich Jamón York y Queso sin Corteza VITAL",
    "description": "Sándwich Jamón York y Queso sin Corteza 150 Gr",
    "category": "Bocadillos y sándwich listos",
    "url": "https://tienda.consum.es/es/p/sandwich-jamon-york-y-queso-sin-corteza/7296320",
    "price": 1.59,
    "reference_price": 10.6,
    "iva": 10,
    "reference_unit": "1 Kg",
    "date": "2023-01-17"
  },
  {
    "id": 16272,
    "name": "Desinfectante Textil Sin Lejía SANYTOL",
    "description": "Desinfectante Textil Sin Lejía 500 ml",
    "category": "Aditivos y complementos",
    "url": "https://tienda.consum.es/es/p/desinfectante-textil-sin-lejia/7295228",
    "price": 2.99,
    "reference_price": 5.98,
    "iva": 21,
    "reference_unit": "1 L",
    "date": "2023-01-17"
  },
  {
    "id": 16273,
    "name": "Vino Tinto Joven D.O.Ribera del Duero M.BERDUGO",
    "description": "Vino Tinto Joven D.O.Ribera del Duero 0,75 L",
    "category": "Vinos d.o",
    "url": "https://tienda.consum.es/es/p/vino-tinto-joven-doribera-del-duero/7295751",
    "price": 5.89,
    "reference_price": 7.85,
    "iva": 21,
    "reference_unit": "1 L",
    "date": "2023-01-17"
  },
  {
    "id": 16274,
    "name": "Pañuelo Compacto Cuatro Capas CONSUM",
    "description": "Pañuelo Compacto Cuatro Capas 10 U",
    "category": "Pañuelos y tissues",
    "url": "https://tienda.consum.es/es/p/panuelo-compacto-cuatro-capas/7290443",
    "price": 1.15,
    "reference_price": 0.12,
    "iva": 21,
    "reference_unit": "1 U",
    "date": "2023-01-17"
  },
  {
    "id": 16275,
    "name": "Molinillo Pimienta Creación DUCROS",
    "description": "Molinillo Pimienta Creación 34 Gr",
    "category": "Especias",
    "url": "https://tienda.consum.es/es/p/molinillo-pimienta-creacion/7290851",
    "price": 3.99,
    "reference_price": 11.74,
    "iva": 10,
    "reference_unit": "100 Gr",
    "date": "2023-01-17"
  },
  {
    "id": 16279,
    "name": "Suavizante Concentrado Aroma Nenuco FLOR",
    "description": "Suavizante Concentrado Aroma Nenuco 72 Lv",
    "category": "Suavizante",
    "url": "https://tienda.consum.es/es/p/suavizante-concentrado-aroma-nenuco/7294978",
    "price": 4.49,
    "reference_price": 0.06,
    "iva": 21,
    "reference_unit": "1 Lv",
    "date": "2023-01-17"
  },
  {
    "id": 16281,
    "name": "Ambientador Sense&Sp. Recambio Ropa Limpia GLADE",
    "description": "Ambientador Sense&Sp. Recambio Ropa Limpia 1 U",
    "category": "Eléctricos y automáticos",
    "url": "https://tienda.consum.es/es/p/ambientador-sensesp-recambio-ropa-limpia/7295004",
    "price": 3.42,
    "reference_price": 3.42,
    "iva": 21,
    "reference_unit": "1 U",
    "date": "2023-01-17"
  },
  {
    "id": 16282,
    "name": "Copos de Avena JOE'S FARM",
    "description": "Copos de Avena 500 Gr",
    "category": "Cereales",
    "url": "https://tienda.consum.es/es/p/copos-de-avena/7295637",
    "price": 0.7,
    "reference_price": 1.4,
    "iva": 10,
    "reference_unit": "1 Kg",
    "date": "2023-01-17"
  },
  {
    "id": 16285,
    "name": "Tinte Color Sensation 7 GARNIER",
    "description": "Tinte Color Sensation 7 1 U",
    "category": "Coloración",
    "url": "https://tienda.consum.es/es/p/tinte-color-sensation-7/7296127",
    "price": 3.5,
    "reference_price": 3.5,
    "iva": 21,
    "reference_unit": "1 U",
    "date": "2023-01-17"
  },
  {
    "id": 16286,
    "name": "Surtido Galletas CUETARA",
    "description": "Surtido Galletas 420 Gr",
    "category": "Galletas",
    "url": "https://tienda.consum.es/es/p/surtido-galletas/7296148",
    "price": 5.5,
    "reference_price": 13.1,
    "iva": 10,
    "reference_unit": "1 Kg",
    "date": "2023-01-17"
  },
  {
    "id": 16287,
    "name": "Lentejas Cocidas Calidad Extra Frasco GUTARRA",
    "description": "Lentejas Cocidas Calidad Extra Frasco 400 Gr",
    "category": "Lentejas",
    "url": "https://tienda.consum.es/es/p/lentejas-cocidas-calidad-extra-frasco/7296189",
    "price": 1.55,
    "reference_price": 3.88,
    "iva": 10,
    "reference_unit": "1 Kg",
    "date": "2023-01-17"
  },
  {
    "id": 16302,
    "name": "Aceite Oliva Suave 0,4º Garrafa CARBONELL",
    "description": "Aceite Oliva Suave 0,4º Garrafa 3 L",
    "category": "Aceite de oliva 0, 4 y 1º",
    "url": "https://tienda.consum.es/es/p/aceite-oliva-suave-04-garrafa/7242654",
    "price": 16.7,
    "reference_price": 5.57,
    "iva": 5,
    "reference_unit": "1 L",
    "date": "2023-01-17"
  },
  {
    "id": 16309,
    "name": "Bolígrafo Cristal Surtido BIC",
    "description": "Bolígrafo Cristal Surtido 10 U",
    "category": "Papelería y juguetes",
    "url": "https://tienda.consum.es/es/p/boligrafo-cristal-surtido/7272669",
    "price": 3.69,
    "reference_price": 0.37,
    "iva": 21,
    "reference_unit": "1 U",
    "date": "2023-01-17"
  },
  {
    "id": 16313,
    "name": "Mango Deshidratado Doypack PRUNITA",
    "description": "Mango Deshidratado Doypack 90 Gr",
    "category": "Fruta seca",
    "url": "https://tienda.consum.es/es/p/mango-deshidratado-doypack/7295462",
    "price": 1.91,
    "reference_price": 21.22,
    "iva": 0,
    "reference_unit": "1 Kg",
    "date": "2023-01-17"
  },
  {
    "id": 16317,
    "name": "Salsa Soja Clásica KIKKOMAN",
    "description": "Salsa Soja Clásica 250 ml",
    "category": "Soja",
    "url": "https://tienda.consum.es/es/p/salsa-soja-clasica/7296247",
    "price": 4.39,
    "reference_price": 17.56,
    "iva": 10,
    "reference_unit": "1 L",
    "date": "2023-01-17"
  },
  {
    "id": 16324,
    "name": "Tomate Frito Oliva Brik Pack de 3 ORLANDO",
    "description": "Tomate Frito Oliva Brik Pack de 3 3 x 212 Gr",
    "category": "Tomate",
    "url": "https://tienda.consum.es/es/p/tomate-frito-oliva-brik-pack-de-3/7295137",
    "price": 2.85,
    "reference_price": 4.48,
    "iva": 10,
    "reference_unit": "1 Kg",
    "date": "2023-01-17"
  },
  {
    "id": 16327,
    "name": "Barquillo Relleno B-Ready NUTELLA",
    "description": "Barquillo Relleno B-Ready 132 Gr",
    "category": "Galletas de chocolate",
    "url": "https://tienda.consum.es/es/p/barquillo-relleno-b-ready/7296143",
    "price": 1.99,
    "reference_price": 15.08,
    "iva": 10,
    "reference_unit": "1 Kg",
    "date": "2023-01-17"
  },
  {
    "id": 16330,
    "name": "Queso Fresco Artesano al Punto de Sal EL VENTERO",
    "description": "Queso Fresco Artesano al Punto de Sal 250 Gr",
    "category": "Frescos y para ensaladas",
    "url": "https://tienda.consum.es/es/p/queso-fresco-artesano-al-punto-de-sal/7296361",
    "price": 2.64,
    "reference_price": 10.56,
    "iva": 0,
    "reference_unit": "1 Kg",
    "date": "2023-01-17"
  },
  {
    "id": 16333,
    "name": "Refresco Cola Max A La Lima Lata PEPSI-COLA",
    "description": "Refresco Cola Max A La Lima Lata 0,33 L",
    "category": "Cola",
    "url": "https://tienda.consum.es/es/p/refresco-cola-max-a-la-lima-lata/7296965",
    "price": 0.64,
    "reference_price": 1.94,
    "iva": 21,
    "reference_unit": "1 L",
    "date": "2023-01-17"
  },
  {
    "id": 16335,
    "name": "Cortacallos PONETTE",
    "description": "Cortacallos 1 U",
    "category": "Manicura y pedicura",
    "url": "https://tienda.consum.es/es/p/cortacallos/7297034",
    "price": 2.15,
    "reference_price": 2.15,
    "iva": 21,
    "reference_unit": "1 U",
    "date": "2023-01-17"
  },
  {
    "id": 16336,
    "name": "Cepillo Raqueta PONETTE",
    "description": "Cepillo Raqueta 1 U",
    "category": "Peines y accesorios",
    "url": "https://tienda.consum.es/es/p/cepillo-raqueta/7297039",
    "price": 2.75,
    "reference_price": 2.75,
    "iva": 21,
    "reference_unit": "1 U",
    "date": "2023-01-17"
  },
  {
    "id": 16339,
    "name": "Col Rizada Media Pieza Peso Aproximado 600 Gr. ",
    "description": "Col Rizada Media Pieza Peso Aproximado 600 Gr. 0,6 Kg",
    "category": "Brócoli, col y coliflor",
    "url": "https://tienda.consum.es/es/p/col-rizada-media-pieza-peso-aproximado-600-gr/7115830",
    "price": 0.96,
    "reference_price": 1.6,
    "iva": 0,
    "reference_unit": "1 Kg",
    "date": "2023-01-17"
  },
  {
    "id": 16341,
    "name": "Papayón Partido ",
    "description": "Papayón Partido",
    "category": "Fruta tropical",
    "url": "https://tienda.consum.es/es/p/papayon-partido/7156326",
    "price": 8.15,
    "reference_price": 5.38,
    "iva": 0,
    "reference_unit": "1 Kg",
    "date": "2023-01-17"
  },
  {
    "id": 16351,
    "name": "Mascarilla Reparadora Ultimate GLISS",
    "description": "Mascarilla Reparadora Ultimate 300 ml",
    "category": "Mascarillas cabello",
    "url": "https://tienda.consum.es/es/p/mascarilla-reparadora-ultimate/7284974",
    "price": 4.89,
    "reference_price": 1.63,
    "iva": 21,
    "reference_unit": "100 ml",
    "date": "2023-01-17"
  },
  {
    "id": 16352,
    "name": "Mango Limpiacristales Azul  .",
    "description": "Mango Limpiacristales Azul 1 U",
    "category": "Otros utensilios de limpieza",
    "url": "https://tienda.consum.es/es/p/mango-limpiacristales-azul/7295173",
    "price": 1.69,
    "reference_price": 1.69,
    "iva": 21,
    "reference_unit": "1 U",
    "date": "2023-01-17"
  },
  {
    "id": 16354,
    "name": "Especia Líquida Trufa Blanca Spray TURCI",
    "description": "Especia Líquida Trufa Blanca Spray 40 ml",
    "category": "Especias",
    "url": "https://tienda.consum.es/es/p/especia-liquida-trufa-blanca-spray/7295483",
    "price": 2.55,
    "reference_price": 6.38,
    "iva": 10,
    "reference_unit": "100 ml",
    "date": "2023-01-17"
  },
  {
    "id": 16374,
    "name": "Passata de Tomate Pasta de Tomate. Frasco MUTTI",
    "description": "Passata de Tomate Pasta de Tomate. Frasco 400 Gr",
    "category": "Tomate",
    "url": "https://tienda.consum.es/es/p/passata-de-tomate-pasta-de-tomate-frasco/7296726",
    "price": 2.19,
    "reference_price": 5.48,
    "iva": 10,
    "reference_unit": "1 Kg",
    "date": "2023-01-17"
  },
  {
    "id": 16375,
    "name": "Polpa di Pomodoro Tomate TrIturado. Lata MUTTI",
    "description": "Polpa di Pomodoro Tomate TrIturado. Lata 400 Gr",
    "category": "Tomate",
    "url": "https://tienda.consum.es/es/p/polpa-di-pomodoro-tomate-triturado-lata/7296739",
    "price": 2.19,
    "reference_price": 5.48,
    "iva": 10,
    "reference_unit": "1 Kg",
    "date": "2023-01-17"
  },
  {
    "id": 16377,
    "name": "Zumo Veggie Calabaza Zanahoria-Mango-Manza JUVER",
    "description": "Zumo Veggie Calabaza Zanahoria-Mango-Manza 1 L",
    "category": "Zumos y néctares no refrigerados",
    "url": "https://tienda.consum.es/es/p/zumo-veggie-calabaza-zanahoria-mango-manza/7296940",
    "price": 2.29,
    "reference_price": 2.29,
    "iva": 10,
    "reference_unit": "1 L",
    "date": "2023-01-17"
  },
  {
    "id": 16378,
    "name": "Zumo Veggie Remolacha Frutos Bosque-Zanahoria JUVER",
    "description": "Zumo Veggie Remolacha Frutos Bosque-Zanahoria 1 L",
    "category": "Zumos y néctares no refrigerados",
    "url": "https://tienda.consum.es/es/p/zumo-veggie-remolacha-frutos-bosque-zanahoria/7296945",
    "price": 2.29,
    "reference_price": 2.29,
    "iva": 10,
    "reference_unit": "1 L",
    "date": "2023-01-17"
  },
  {
    "id": 16381,
    "name": "Chocolate con Leche MILKA",
    "description": "Chocolate con Leche 270 Gr",
    "category": "Tabletas",
    "url": "https://tienda.consum.es/es/p/chocolate-con-leche/7297062",
    "price": 2.25,
    "reference_price": 8.33,
    "iva": 10,
    "reference_unit": "1 Kg",
    "date": "2023-01-17"
  },
  {
    "id": 16382,
    "name": "Preparado Lácteo con Fibra Brik PULEVA",
    "description": "Preparado Lácteo con Fibra Brik 1 L",
    "category": "Leches especiales",
    "url": "https://tienda.consum.es/es/p/preparado-lacteo-con-fibra-brik/7297351",
    "price": 1.55,
    "reference_price": 1.55,
    "iva": 10,
    "reference_unit": "1 L",
    "date": "2023-01-17"
  },
  {
    "id": 16389,
    "name": "Sobaos Pack 14 Unidades CONSUM",
    "description": "Sobaos Pack 14 Unidades 280 Gr",
    "category": "Bollería industrial",
    "url": "https://tienda.consum.es/es/p/sobaos-pack-14-unidades/7293483",
    "price": 1.05,
    "reference_price": 3.75,
    "iva": 10,
    "reference_unit": "1 Kg",
    "date": "2023-01-17"
  },
  {
    "id": 16390,
    "name": "Chicle Senses Berry Party TRIDENT",
    "description": "Chicle Senses Berry Party 23 Gr",
    "category": "Chicles, caramelos y gominolas",
    "url": "https://tienda.consum.es/es/p/chicle-senses-berry-party/7293970",
    "price": 1.15,
    "reference_price": 5,
    "iva": 10,
    "reference_unit": "100 Gr",
    "date": "2023-01-17"
  },
  {
    "id": 16391,
    "name": "Chicles Senses Watermelon TRIDENT",
    "description": "Chicles Senses Watermelon 23 Gr",
    "category": "Chicles, caramelos y gominolas",
    "url": "https://tienda.consum.es/es/p/chicles-senses-watermelon/7293983",
    "price": 1.15,
    "reference_price": 5,
    "iva": 10,
    "reference_unit": "100 Gr",
    "date": "2023-01-17"
  },
  {
    "id": 16392,
    "name": "Pan Tostado Integral 60 Rebanadas CONSUM",
    "description": "Pan Tostado Integral 60 Rebanadas 540 Gr",
    "category": "Tostadas y minibiscotes",
    "url": "https://tienda.consum.es/es/p/pan-tostado-integral-60-rebanadas/7295413",
    "price": 1.99,
    "reference_price": 3.69,
    "iva": 10,
    "reference_unit": "1 Kg",
    "date": "2023-01-17"
  },
  {
    "id": 16393,
    "name": "Café Molido Natural BONKA",
    "description": "Café Molido Natural 2 x 250 Gr",
    "category": "Café Molido natural",
    "url": "https://tienda.consum.es/es/p/cafe-molido-natural/7295921",
    "price": 4.39,
    "reference_price": 8.78,
    "iva": 10,
    "reference_unit": "1 Kg",
    "date": "2023-01-17"
  },
  {
    "id": 16396,
    "name": "Lomitos de Salmón Noruego congelados EXKIMO",
    "description": "Lomitos de Salmón Noruego congelados 2 x 125 Gr",
    "category": "Pescados y mariscos",
    "url": "https://tienda.consum.es/es/p/lomitos-de-salmon-noruego-congelados/7296684",
    "price": 7.05,
    "reference_price": 28.2,
    "iva": 10,
    "reference_unit": "1 Kg",
    "date": "2023-01-17"
  },
  {
    "id": 16409,
    "name": "Hogaza Integral RECONDO",
    "description": "Hogaza Integral 240 Gr",
    "category": "Tostadas y minibiscotes",
    "url": "https://tienda.consum.es/es/p/hogaza-integral/7297872",
    "price": 2.19,
    "reference_price": 9.13,
    "iva": 10,
    "reference_unit": "1 Kg",
    "date": "2023-01-17"
  },
  {
    "id": 16413,
    "name": "Chicle Senses Sabor Tropical TRIDENT",
    "description": "Chicle Senses Sabor Tropical 23 Gr",
    "category": "Chicles, caramelos y gominolas",
    "url": "https://tienda.consum.es/es/p/chicle-senses-sabor-tropical/7294002",
    "price": 1.15,
    "reference_price": 5,
    "iva": 10,
    "reference_unit": "100 Gr",
    "date": "2023-01-17"
  },
  {
    "id": 16416,
    "name": "Pan Tostado Normal 60 Rebanadas CONSUM",
    "description": "Pan Tostado Normal 60 Rebanadas 540 Gr",
    "category": "Tostadas y minibiscotes",
    "url": "https://tienda.consum.es/es/p/pan-tostado-normal-60-rebanadas/7295405",
    "price": 1.99,
    "reference_price": 3.69,
    "iva": 10,
    "reference_unit": "1 Kg",
    "date": "2023-01-17"
  },
  {
    "id": 16417,
    "name": "Crema Regenerist Tres Áreas Día OLAY",
    "description": "Crema Regenerist Tres Áreas Día 50 ml",
    "category": "Cuidado facial",
    "url": "https://tienda.consum.es/es/p/crema-regenerist-tres-areas-dia/7296387",
    "price": 26.9,
    "reference_price": 53.8,
    "iva": 21,
    "reference_unit": "100 ml",
    "date": "2023-01-17"
  },
  {
    "id": 16418,
    "name": "Recambio Ambientador Esential Mist Lavanda AIR WICK",
    "description": "Recambio Ambientador Esential Mist Lavanda 1 U",
    "category": "Ambientadores",
    "url": "https://tienda.consum.es/es/p/recambio-ambientador-esential-mist-lavanda/7297138",
    "price": 5.99,
    "reference_price": 5.99,
    "iva": 21,
    "reference_unit": "1 U",
    "date": "2023-01-17"
  },
  {
    "id": 16420,
    "name": "Recambio Ambientador Esential Mist Citrus AIR WICK",
    "description": "Recambio Ambientador Esential Mist Citrus 1 U",
    "category": "Ambientadores",
    "url": "https://tienda.consum.es/es/p/recambio-ambientador-esential-mist-citrus/7297153",
    "price": 5.99,
    "reference_price": 5.99,
    "iva": 21,
    "reference_unit": "1 U",
    "date": "2023-01-17"
  },
  {
    "id": 16421,
    "name": "Ambientador Essential M. Aparato Explosión Cítrica AIR WICK",
    "description": "Ambientador Essential M. Aparato Explosión Cítrica 1 U",
    "category": "Ambientadores",
    "url": "https://tienda.consum.es/es/p/ambientador-essential-m-aparato-explosion-citrica/7297158",
    "price": 9.99,
    "reference_price": 9.99,
    "iva": 21,
    "reference_unit": "1 U",
    "date": "2023-01-17"
  },
  {
    "id": 16429,
    "name": "Cepillo Esqueleto Grande PONETTE",
    "description": "Cepillo Esqueleto Grande 1 U",
    "category": "Peines y accesorios",
    "url": "https://tienda.consum.es/es/p/cepillo-esqueleto-grande/7298172",
    "price": 1.55,
    "reference_price": 1.55,
    "iva": 21,
    "reference_unit": "1 U",
    "date": "2023-01-17"
  },
  {
    "id": 16439,
    "name": "Boniato Ecológico ",
    "description": "Boniato Ecológico 650 Gr",
    "category": "Patatas, cebollas y ajos",
    "url": "https://tienda.consum.es/es/p/boniato-ecologico/7298735",
    "price": 2.49,
    "reference_price": 3.83,
    "iva": 0,
    "reference_unit": "1 Kg",
    "date": "2023-01-17"
  },
  {
    "id": 16443,
    "name": "Refresco Té Limón Cero Botella CONSUM",
    "description": "Refresco Té Limón Cero Botella 1,5 L",
    "category": "Té",
    "url": "https://tienda.consum.es/es/p/refresco-te-limon-cero-botella/7285158",
    "price": 0.95,
    "reference_price": 0.63,
    "iva": 21,
    "reference_unit": "1 L",
    "date": "2023-01-17"
  },
  {
    "id": 16444,
    "name": "Refresco Té Melocotón Cero Lata CONSUM",
    "description": "Refresco Té Melocotón Cero Lata 0,33 L",
    "category": "Té",
    "url": "https://tienda.consum.es/es/p/refresco-te-melocoton-cero-lata/7286958",
    "price": 0.4,
    "reference_price": 1.21,
    "iva": 21,
    "reference_unit": "1 L",
    "date": "2023-01-17"
  },
  {
    "id": 16445,
    "name": "Gel íntimo Formato Viaje CHILLY",
    "description": "Gel íntimo Formato Viaje 50 ml",
    "category": "Aseo íntimo",
    "url": "https://tienda.consum.es/es/p/gel-intimo-formato-viaje/7295942",
    "price": 1.15,
    "reference_price": 2.3,
    "iva": 21,
    "reference_unit": "100 ml",
    "date": "2023-01-17"
  },
  {
    "id": 16446,
    "name": "Goma Básica Pequeña 20 Unidades PONETTE",
    "description": "Goma Básica Pequeña 20 Unidades 20 U",
    "category": "Peines y accesorios",
    "url": "https://tienda.consum.es/es/p/goma-basica-pequena-20-unidades/7297265",
    "price": 0.99,
    "reference_price": 0.05,
    "iva": 21,
    "reference_unit": "1 U",
    "date": "2023-01-17"
  },
  {
    "id": 16447,
    "name": "Natillas con Sorpresa KIDS WORLD",
    "description": "Natillas con Sorpresa 70 Gr",
    "category": "Natillas",
    "url": "https://tienda.consum.es/es/p/natillas-con-sorpresa/7297567",
    "price": 1.19,
    "reference_price": 17,
    "iva": 10,
    "reference_unit": "1 Kg",
    "date": "2023-01-17"
  },
  {
    "id": 16456,
    "name": "Peine Escarpidor PONETTE",
    "description": "Peine Escarpidor 1 U",
    "category": "Peines y accesorios",
    "url": "https://tienda.consum.es/es/p/peine-escarpidor/7298342",
    "price": 0.99,
    "reference_price": 0.99,
    "iva": 21,
    "reference_unit": "1 U",
    "date": "2023-01-17"
  },
  {
    "id": 16460,
    "name": "Snack para Gatos Catisfaction Pollo MARS",
    "description": "Snack para Gatos Catisfaction Pollo 60 Gr",
    "category": "Snacks",
    "url": "https://tienda.consum.es/es/p/snack-para-gatos-catisfaction-pollo/7298552",
    "price": 1.69,
    "reference_price": 28.17,
    "iva": 10,
    "reference_unit": "1 Kg",
    "date": "2023-01-17"
  },
  {
    "id": 16466,
    "name": "Comida Húmeda Perros Cordero Pollo Tarrina PEDIGREE",
    "description": "Comida Húmeda Perros Cordero Pollo Tarrina 300 Gr",
    "category": "Húmedo",
    "url": "https://tienda.consum.es/es/p/comida-humeda-perros-cordero-pollo-tarrina/2500619",
    "price": 2.19,
    "reference_price": 7.3,
    "iva": 10,
    "reference_unit": "1 Kg",
    "date": "2023-01-17"
  },
  {
    "id": 16467,
    "name": "Snacks para Perros Adventuros Nuggets ADVENTUROS",
    "description": "Snacks para Perros Adventuros Nuggets 90 Gr",
    "category": "Snacks",
    "url": "https://tienda.consum.es/es/p/snacks-para-perros-adventuros-nuggets/7251171",
    "price": 1.85,
    "reference_price": 20.56,
    "iva": 10,
    "reference_unit": "1 Kg",
    "date": "2023-01-17"
  },
  {
    "id": 16470,
    "name": "Comida Seca Gatos Esterilizados VITALITY",
    "description": "Comida Seca Gatos Esterilizados 1,5 Kg",
    "category": "Seco",
    "url": "https://tienda.consum.es/es/p/comida-seca-gatos-esterilizados/7259229",
    "price": 3.99,
    "reference_price": 2.66,
    "iva": 10,
    "reference_unit": "1 Kg",
    "date": "2023-01-17"
  },
  {
    "id": 16472,
    "name": "Refresco Té Limón Botella CONSUM",
    "description": "Refresco Té Limón Botella 1,5 L",
    "category": "Té",
    "url": "https://tienda.consum.es/es/p/refresco-te-limon-botella/7287100",
    "price": 0.95,
    "reference_price": 0.63,
    "iva": 21,
    "reference_unit": "1 L",
    "date": "2023-01-17"
  },
  {
    "id": 16473,
    "name": "Yogur Cremoso 00% Natural Edulcorado CONSUM",
    "description": "Yogur Cremoso 00% Natural Edulcorado 4 x 125 Gr",
    "category": "Yogur natural desnatado",
    "url": "https://tienda.consum.es/es/p/yogur-cremoso-00-natural-edulcorado/7288272",
    "price": 1.19,
    "reference_price": 2.38,
    "iva": 10,
    "reference_unit": "1 Kg",
    "date": "2023-01-17"
  },
  {
    "id": 16475,
    "name": "Coquitos Grano Bolsa CONSUM",
    "description": "Coquitos Grano Bolsa 150 Gr",
    "category": "Otros frutos secos",
    "url": "https://tienda.consum.es/es/p/coquitos-grano-bolsa/7295058",
    "price": 2.39,
    "reference_price": 15.93,
    "iva": 0,
    "reference_unit": "1 Kg",
    "date": "2023-01-17"
  },
  {
    "id": 16487,
    "name": "U Snack Jamón Serrano C.SERRANO",
    "description": "U Snack Jamón Serrano 60 Gr",
    "category": "Otros curados",
    "url": "https://tienda.consum.es/es/p/u-snack-jamon-serrano/7298818",
    "price": 1.1,
    "reference_price": 18.33,
    "iva": 10,
    "reference_unit": "1 Kg",
    "date": "2023-01-17"
  },
  {
    "id": 16490,
    "name": "Pimiento Asado Tiras Bandeja LEYENDA",
    "description": "Pimiento Asado Tiras Bandeja 260 Gr",
    "category": "Pimiento",
    "url": "https://tienda.consum.es/es/p/pimiento-asado-tiras-bandeja/7298909",
    "price": 2.49,
    "reference_price": 9.58,
    "iva": 10,
    "reference_unit": "1 Kg",
    "date": "2023-01-17"
  },
  {
    "id": 16546,
    "name": "Sardinas en Aceite Oliva Lata CUCA",
    "description": "Sardinas en Aceite Oliva Lata 85 Gr",
    "category": "Sardinas",
    "url": "https://tienda.consum.es/es/p/sardinas-en-aceite-oliva-lata/489070",
    "price": 2.45,
    "reference_price": 28.82,
    "iva": 10,
    "reference_unit": "1 Kg",
    "date": "2023-01-17"
  },
  {
    "id": 16625,
    "name": "Cannelloni Canelón Caja EL PAVO",
    "description": "Cannelloni Canelón Caja 125 Gr",
    "category": "Canelones y lasagnas",
    "url": "https://tienda.consum.es/es/p/cannelloni-canelon-caja/7059850",
    "price": 0.95,
    "reference_price": 7.6,
    "iva": 5,
    "reference_unit": "1 Kg",
    "date": "2023-01-17"
  },
  {
    "id": 16639,
    "name": "Néctar Piña Pack de 3 GRANINI",
    "description": "Néctar Piña Pack de 3 3 x 200 ml",
    "category": "Zumos y néctares no refrigerados",
    "url": "https://tienda.consum.es/es/p/nectar-pina-pack-de-3/7068729",
    "price": 1.59,
    "reference_price": 2.65,
    "iva": 21,
    "reference_unit": "1 L",
    "date": "2023-01-17"
  },
  {
    "id": 16640,
    "name": "Néctar Melocotón Pack de 3 GRANINI",
    "description": "Néctar Melocotón Pack de 3 3 x 200 ml",
    "category": "Zumos y néctares no refrigerados",
    "url": "https://tienda.consum.es/es/p/nectar-melocoton-pack-de-3/7068732",
    "price": 1.59,
    "reference_price": 2.65,
    "iva": 21,
    "reference_unit": "1 L",
    "date": "2023-01-17"
  },
  {
    "id": 16669,
    "name": "Batido de Cacao Minibrik Pack de 6 CACAOLAT",
    "description": "Batido de Cacao Minibrik Pack de 6 6 x 200 ml",
    "category": "Batidos y cafés",
    "url": "https://tienda.consum.es/es/p/batido-de-cacao-minibrik-pack-de-6/7093552",
    "price": 3.43,
    "reference_price": 2.86,
    "iva": 10,
    "reference_unit": "1 L",
    "date": "2023-01-17"
  },
  {
    "id": 16695,
    "name": "Palitos Aceite Oliva QUELY",
    "description": "Palitos Aceite Oliva 50 Gr",
    "category": "Rosquilletas, picos y snacks",
    "url": "https://tienda.consum.es/es/p/palitos-aceite-oliva/7113355",
    "price": 0.75,
    "reference_price": 15,
    "iva": 10,
    "reference_unit": "1 Kg",
    "date": "2023-01-17"
  },
  {
    "id": 16709,
    "name": "Palitos Pipas QUELY",
    "description": "Palitos Pipas 50 Gr",
    "category": "Rosquilletas, picos y snacks",
    "url": "https://tienda.consum.es/es/p/palitos-pipas/7150084",
    "price": 0.75,
    "reference_price": 15,
    "iva": 10,
    "reference_unit": "1 Kg",
    "date": "2023-01-17"
  },
  {
    "id": 16730,
    "name": "Pasta Fresca Rellena de Atún y Tomate RANA",
    "description": "Pasta Fresca Rellena de Atún y Tomate 250 Gr",
    "category": "Pasta fresca",
    "url": "https://tienda.consum.es/es/p/pasta-fresca-rellena-de-atun-y-tomate/7178069",
    "price": 3.29,
    "reference_price": 13.16,
    "iva": 5,
    "reference_unit": "1 Kg",
    "date": "2023-01-17"
  },
  {
    "id": 16734,
    "name": "Salsa Brava Tarro D'ATENEA",
    "description": "Salsa Brava Tarro 300 Gr",
    "category": "Brava, barbacoa y rosa",
    "url": "https://tienda.consum.es/es/p/salsa-brava-tarro/7183346",
    "price": 2.45,
    "reference_price": 8.17,
    "iva": 10,
    "reference_unit": "1 Kg",
    "date": "2023-01-17"
  },
  {
    "id": 16747,
    "name": "Queso Feta D.O.P. Griego Leche de Oveja y Cabra HOTOS",
    "description": "Queso Feta D.O.P. Griego Leche de Oveja y Cabra 200 Gr",
    "category": "Frescos y para ensaladas",
    "url": "https://tienda.consum.es/es/p/queso-feta-dop-griego-leche-de-oveja-y-cabra/7192735",
    "price": 2.84,
    "reference_price": 14.2,
    "iva": 0,
    "reference_unit": "1 Kg",
    "date": "2023-01-17"
  },
  {
    "id": 16751,
    "name": "Coctel Frutos Secos sin Cáscara FRIT RAVICH",
    "description": "Coctel Frutos Secos sin Cáscara 170 Gr",
    "category": "Maíz tostado y cocktail",
    "url": "https://tienda.consum.es/es/p/coctel-frutos-secos-sin-cascara/7193972",
    "price": 1.45,
    "reference_price": 8.53,
    "iva": 10,
    "reference_unit": "1 Kg",
    "date": "2023-01-17"
  },
  {
    "id": 16758,
    "name": "Caldo Paella Fácil Brik G.BLANCA",
    "description": "Caldo Paella Fácil Brik 1 L",
    "category": "Caldos y sopas",
    "url": "https://tienda.consum.es/es/p/caldo-paella-facil-brik/7198737",
    "price": 2.99,
    "reference_price": 2.99,
    "iva": 10,
    "reference_unit": "1 L",
    "date": "2023-01-17"
  },
  {
    "id": 16772,
    "name": "Cocktail Frutos Secos Top 5 FRIT RAVICH",
    "description": "Cocktail Frutos Secos Top 5 170 Gr",
    "category": "Maíz tostado y cocktail",
    "url": "https://tienda.consum.es/es/p/cocktail-frutos-secos-top-5/7207186",
    "price": 2.3,
    "reference_price": 13.53,
    "iva": 10,
    "reference_unit": "1 Kg",
    "date": "2023-01-17"
  },
  {
    "id": 16801,
    "name": "Tiras de Potón ",
    "description": "Tiras de Potón",
    "category": "Calamar y sepia",
    "url": "https://tienda.consum.es/es/p/tiras-de-poton/7225584",
    "price": 5.95,
    "reference_price": 5.95,
    "iva": 10,
    "reference_unit": "1 Kg",
    "date": "2023-01-17"
  },
  {
    "id": 16805,
    "name": "Yogur Natural Artesano EL PASTORET",
    "description": "Yogur Natural Artesano 500 Gr",
    "category": "Yogur natural y azucarado",
    "url": "https://tienda.consum.es/es/p/yogur-natural-artesano/7228849",
    "price": 2.65,
    "reference_price": 5.3,
    "iva": 10,
    "reference_unit": "1 Kg",
    "date": "2023-01-17"
  },
  {
    "id": 16814,
    "name": "Zumo Manzana Pet GRANINI",
    "description": "Zumo Manzana Pet 1 L",
    "category": "Zumos y néctares no refrigerados",
    "url": "https://tienda.consum.es/es/p/zumo-manzana-pet/7241347",
    "price": 2.79,
    "reference_price": 2.79,
    "iva": 10,
    "reference_unit": "1 L",
    "date": "2023-01-17"
  },
  {
    "id": 16843,
    "name": "Pan de Leche 8 Unidades PASQUIER",
    "description": "Pan de Leche 8 Unidades 280 Gr",
    "category": "Bollería industrial",
    "url": "https://tienda.consum.es/es/p/pan-de-leche-8-unidades/7250645",
    "price": 2.39,
    "reference_price": 8.54,
    "iva": 10,
    "reference_unit": "1 Kg",
    "date": "2023-01-17"
  },
  {
    "id": 16868,
    "name": "Tinte Negro 40ºC 2 Sobres IBERIA",
    "description": "Tinte Negro 40ºC 2 Sobres 2 U",
    "category": "Aditivos para el lavado",
    "url": "https://tienda.consum.es/es/p/tinte-negro-40c-2-sobres/7260545",
    "price": 2.99,
    "reference_price": 1.5,
    "iva": 21,
    "reference_unit": "1 U",
    "date": "2023-01-17"
  },
  {
    "id": 16869,
    "name": "Tinte Azul Marino 40ºC 2 Sobres IBERIA",
    "description": "Tinte Azul Marino 40ºC 2 Sobres 2 U",
    "category": "Aditivos para el lavado",
    "url": "https://tienda.consum.es/es/p/tinte-azul-marino-40c-2-sobres/7260552",
    "price": 2.99,
    "reference_price": 1.5,
    "iva": 21,
    "reference_unit": "1 U",
    "date": "2023-01-17"
  },
  {
    "id": 16877,
    "name": "Aditivo Líquido Cortinas Luminosas IBERIA",
    "description": "Aditivo Líquido Cortinas Luminosas 0,15 L",
    "category": "Máquina polvo",
    "url": "https://tienda.consum.es/es/p/aditivo-liquido-cortinas-luminosas/7265655",
    "price": 1.55,
    "reference_price": 1.55,
    "iva": 21,
    "reference_unit": "1 U",
    "date": "2023-01-17"
  },
  {
    "id": 16886,
    "name": "Jamón Serrano Reserva Salamanca BOADAS",
    "description": "Jamón Serrano Reserva Salamanca 80 Gr",
    "category": "Jamón",
    "url": "https://tienda.consum.es/es/p/jamon-serrano-reserva-salamanca/7268043",
    "price": 2.25,
    "reference_price": 28.13,
    "iva": 10,
    "reference_unit": "1 Kg",
    "date": "2023-01-17"
  },
  {
    "id": 16888,
    "name": "Burger Clásica Vegetariana GARDEN",
    "description": "Burger Clásica Vegetariana 150 Gr",
    "category": "Veganos",
    "url": "https://tienda.consum.es/es/p/burger-clasica-vegetariana/7269954",
    "price": 3.5,
    "reference_price": 23.33,
    "iva": 10,
    "reference_unit": "1 Kg",
    "date": "2023-01-17"
  },
  {
    "id": 16889,
    "name": "Albóndigas Vegetarianas GARDEN",
    "description": "Albóndigas Vegetarianas 200 Gr",
    "category": "Veganos",
    "url": "https://tienda.consum.es/es/p/albondigas-vegetarianas/7269959",
    "price": 3.5,
    "reference_price": 17.5,
    "iva": 10,
    "reference_unit": "1 Kg",
    "date": "2023-01-17"
  },
  {
    "id": 16939,
    "name": "Iso Go! Cítrico Cero Botella CONSUM",
    "description": "Iso Go! Cítrico Cero Botella 1,5 L",
    "category": "Isotónicas y energéticas",
    "url": "https://tienda.consum.es/es/p/iso-go-citrico-cero-botella/7284545",
    "price": 1.06,
    "reference_price": 0.71,
    "iva": 21,
    "reference_unit": "1 L",
    "date": "2023-01-17"
  },
  {
    "id": 16942,
    "name": "Cono Milka Vainilla y Chocolate x4 Un MILKA",
    "description": "Cono Milka Vainilla y Chocolate x4 Un 270 Gr",
    "category": "Conos",
    "url": "https://tienda.consum.es/es/p/cono-milka-vainilla-y-chocolate-x4-un/7287139",
    "price": 4.39,
    "reference_price": 16.26,
    "iva": 10,
    "reference_unit": "1 Kg",
    "date": "2023-01-17"
  },
  {
    "id": 16943,
    "name": "Sándwich de Oreo Pack de 6 Unidades OREO",
    "description": "Sándwich de Oreo Pack de 6 Unidades 198 Gr",
    "category": "Sándwich",
    "url": "https://tienda.consum.es/es/p/sandwich-de-oreo-pack-de-6-unidades/7287142",
    "price": 4.39,
    "reference_price": 22.17,
    "iva": 10,
    "reference_unit": "1 Kg",
    "date": "2023-01-17"
  },
  {
    "id": 16952,
    "name": "Agua con Gas Botella VICHY",
    "description": "Agua con Gas Botella 0,5 L",
    "category": "Agua con gas",
    "url": "https://tienda.consum.es/es/p/agua-con-gas-botella/7290526",
    "price": 1.06,
    "reference_price": 2.12,
    "iva": 10,
    "reference_unit": "1 L",
    "date": "2023-01-17"
  },
  {
    "id": 16961,
    "name": "Spaghetti Integral Caja BARILLA",
    "description": "Spaghetti Integral Caja 500 Gr",
    "category": "Macarrones, espaguetis y tallarines",
    "url": "https://tienda.consum.es/es/p/spaghetti-integral-caja/7292464",
    "price": 2.09,
    "reference_price": 4.18,
    "iva": 5,
    "reference_unit": "1 Kg",
    "date": "2023-01-17"
  },
  {
    "id": 16967,
    "name": "Chicles Senses Sabor Hierbabuena TRIDENT",
    "description": "Chicles Senses Sabor Hierbabuena 23 Gr",
    "category": "Chicles, caramelos y gominolas",
    "url": "https://tienda.consum.es/es/p/chicles-senses-sabor-hierbabuena/7293991",
    "price": 1.15,
    "reference_price": 5,
    "iva": 10,
    "reference_unit": "100 Gr",
    "date": "2023-01-17"
  },
  {
    "id": 16980,
    "name": "Cepillo Redondo Madera PONETTE",
    "description": "Cepillo Redondo Madera 1 U",
    "category": "Peines y accesorios",
    "url": "https://tienda.consum.es/es/p/cepillo-redondo-madera/7298300",
    "price": 2.65,
    "reference_price": 2.65,
    "iva": 21,
    "reference_unit": "1 U",
    "date": "2023-01-17"
  },
  {
    "id": 16983,
    "name": "Banana ",
    "description": "Banana",
    "category": "Fruta tropical",
    "url": "https://tienda.consum.es/es/p/banana/7243525",
    "price": 0.27,
    "reference_price": 1.34,
    "iva": 0,
    "reference_unit": "1 Kg",
    "date": "2023-01-17"
  },
  {
    "id": 16984,
    "name": "Refresco Té Limón Cero Lata CONSUM",
    "description": "Refresco Té Limón Cero Lata 0,33 L",
    "category": "Té",
    "url": "https://tienda.consum.es/es/p/refresco-te-limon-cero-lata/7286953",
    "price": 0.4,
    "reference_price": 1.21,
    "iva": 21,
    "reference_unit": "1 L",
    "date": "2023-01-17"
  },
  {
    "id": 16995,
    "name": "Yatekomo Arroz Pollo Los Originales G.BLANCA",
    "description": "Yatekomo Arroz Pollo Los Originales 60 Gr",
    "category": "Asiático",
    "url": "https://tienda.consum.es/es/p/yatekomo-arroz-pollo-los-originales/7298664",
    "price": 1.79,
    "reference_price": 29.83,
    "iva": 10,
    "reference_unit": "1 Kg",
    "date": "2023-01-17"
  },
  {
    "id": 16997,
    "name": "Vino Tinto Roble D.O.Ribera del Duero CELESTE",
    "description": "Vino Tinto Roble D.O.Ribera del Duero 0,75 L",
    "category": "Vinos d.o",
    "url": "https://tienda.consum.es/es/p/vino-tinto-roble-doribera-del-duero/7298797",
    "price": 9.85,
    "reference_price": 13.13,
    "iva": 21,
    "reference_unit": "1 L",
    "date": "2023-01-17"
  },
  {
    "id": 16998,
    "name": "Vino Tinto D.O.Somontano MONTESIERRA",
    "description": "Vino Tinto D.O.Somontano 0,75 L",
    "category": "Vinos d.o",
    "url": "https://tienda.consum.es/es/p/vino-tinto-dosomontano/7298821",
    "price": 3.99,
    "reference_price": 5.32,
    "iva": 21,
    "reference_unit": "1 L",
    "date": "2023-01-17"
  },
  {
    "id": 17000,
    "name": "Vino Tinto Crianza D.O.Rioja LOPEZ HARO",
    "description": "Vino Tinto Crianza D.O.Rioja 0,75 L",
    "category": "Vinos d.o",
    "url": "https://tienda.consum.es/es/p/vino-tinto-crianza-dorioja/7298958",
    "price": 7.2,
    "reference_price": 9.6,
    "iva": 21,
    "reference_unit": "1 L",
    "date": "2023-01-17"
  },
  {
    "id": 17007,
    "name": "Galleta Digestive Avena Naranja GULLON",
    "description": "Galleta Digestive Avena Naranja 425 Gr",
    "category": "Galletas saludables",
    "url": "https://tienda.consum.es/es/p/galleta-digestive-avena-naranja/7299758",
    "price": 2.19,
    "reference_price": 5.15,
    "iva": 10,
    "reference_unit": "1 Kg",
    "date": "2023-01-17"
  },
  {
    "id": 17008,
    "name": "Leche Calcio sin Lactosa Semidesnatada Brik PULEVA",
    "description": "Leche Calcio sin Lactosa Semidesnatada Brik 1 L",
    "category": "Leche con calcio",
    "url": "https://tienda.consum.es/es/p/leche-calcio-sin-lactosa-semidesnatada-brik/7299766",
    "price": 1.49,
    "reference_price": 1.49,
    "iva": 0,
    "reference_unit": "1 L",
    "date": "2023-01-17"
  },
  {
    "id": 17016,
    "name": "Refresco Té Melocotón Botella CONSUM",
    "description": "Refresco Té Melocotón Botella 1,5 L",
    "category": "Té",
    "url": "https://tienda.consum.es/es/p/refresco-te-melocoton-botella/7287113",
    "price": 0.95,
    "reference_price": 0.63,
    "iva": 21,
    "reference_unit": "1 L",
    "date": "2023-01-17"
  },
  {
    "id": 17017,
    "name": "Pañuelos Faciales Cuatro Capas CONSUM",
    "description": "Pañuelos Faciales Cuatro Capas 80 U",
    "category": "Pañuelos y tissues",
    "url": "https://tienda.consum.es/es/p/panuelos-faciales-cuatro-capas/7287121",
    "price": 2.35,
    "reference_price": 0.03,
    "iva": 21,
    "reference_unit": "1 U",
    "date": "2023-01-17"
  },
  {
    "id": 17020,
    "name": "Pañuelo Compacto Mentol Cuatro Capas CONSUM",
    "description": "Pañuelo Compacto Mentol Cuatro Capas 10 U",
    "category": "Pañuelos y tissues",
    "url": "https://tienda.consum.es/es/p/panuelo-compacto-mentol-cuatro-capas/7290448",
    "price": 1.79,
    "reference_price": 0.18,
    "iva": 21,
    "reference_unit": "1 U",
    "date": "2023-01-17"
  },
  {
    "id": 17021,
    "name": "Pañuelo Compacto Aloe Cuatro Capas CONSUM",
    "description": "Pañuelo Compacto Aloe Cuatro Capas 10 U",
    "category": "Pañuelos y tissues",
    "url": "https://tienda.consum.es/es/p/panuelo-compacto-aloe-cuatro-capas/7290450",
    "price": 1.79,
    "reference_price": 0.18,
    "iva": 21,
    "reference_unit": "1 U",
    "date": "2023-01-17"
  },
  {
    "id": 17028,
    "name": "Chicle Max II Sabor Mora y Limón TRIDENT",
    "description": "Chicle Max II Sabor Mora y Limón 23 Gr",
    "category": "Chicles, caramelos y gominolas",
    "url": "https://tienda.consum.es/es/p/chicle-max-ii-sabor-mora-y-limon/7294007",
    "price": 1.15,
    "reference_price": 5,
    "iva": 10,
    "reference_unit": "100 Gr",
    "date": "2023-01-17"
  },
  {
    "id": 17030,
    "name": "Rulo Cabello 20 MM PONETTE",
    "description": "Rulo Cabello 20 MM 6 U",
    "category": "Peines y accesorios",
    "url": "https://tienda.consum.es/es/p/rulo-cabello-20-mm/7295926",
    "price": 2.55,
    "reference_price": 0.43,
    "iva": 21,
    "reference_unit": "1 U",
    "date": "2023-01-17"
  },
  {
    "id": 17032,
    "name": "Aceite de Orujo Botella GENIOLIVA",
    "description": "Aceite de Orujo Botella 1 L",
    "category": "Otros aceites",
    "url": "https://tienda.consum.es/es/p/aceite-de-orujo-botella/7296374",
    "price": 4.25,
    "reference_price": 4.25,
    "iva": 5,
    "reference_unit": "1 L",
    "date": "2023-01-17"
  },
  {
    "id": 17042,
    "name": "Discos Activos WC Aroma Lima Fresca PATO",
    "description": "Discos Activos WC Aroma Lima Fresca 1 U",
    "category": "Limpieza baños",
    "url": "https://tienda.consum.es/es/p/discos-activos-wc-aroma-lima-fresca/7297211",
    "price": 3.45,
    "reference_price": 3.45,
    "iva": 21,
    "reference_unit": "1 U",
    "date": "2023-01-17"
  },
  {
    "id": 17044,
    "name": "Caramelo con Palo Relleno de Chicle KOJAK",
    "description": "Caramelo con Palo Relleno de Chicle 105 Gr",
    "category": "Chicles, caramelos y gominolas",
    "url": "https://tienda.consum.es/es/p/caramelo-con-palo-relleno-de-chicle/7297331",
    "price": 1.62,
    "reference_price": 15.43,
    "iva": 10,
    "reference_unit": "1 Kg",
    "date": "2023-01-17"
  },
  {
    "id": 17046,
    "name": "Chocolate Blanco MILKYBAR",
    "description": "Chocolate Blanco 100 Gr",
    "category": "Tabletas",
    "url": "https://tienda.consum.es/es/p/chocolate-blanco/7298078",
    "price": 1.15,
    "reference_price": 11.5,
    "iva": 10,
    "reference_unit": "1 Kg",
    "date": "2023-01-17"
  },
  {
    "id": 17047,
    "name": "Peineta Afro PONETTE",
    "description": "Peineta Afro 1 U",
    "category": "Peines y accesorios",
    "url": "https://tienda.consum.es/es/p/peineta-afro/7298156",
    "price": 1.55,
    "reference_price": 1.55,
    "iva": 21,
    "reference_unit": "1 U",
    "date": "2023-01-17"
  },
  {
    "id": 17048,
    "name": "Canelón Precocinado Caja 18 Placas EL PAVO",
    "description": "Canelón Precocinado Caja 18 Placas 125 Gr",
    "category": "Canelones y lasagnas",
    "url": "https://tienda.consum.es/es/p/canelon-precocinado-caja-18-placas/7298198",
    "price": 1.43,
    "reference_price": 11.44,
    "iva": 5,
    "reference_unit": "1 Kg",
    "date": "2023-01-17"
  },
  {
    "id": 17049,
    "name": "Clip Rubio PONETTE",
    "description": "Clip Rubio 20 U",
    "category": "Peines y accesorios",
    "url": "https://tienda.consum.es/es/p/clip-rubio/7298339",
    "price": 1.55,
    "reference_price": 0.08,
    "iva": 21,
    "reference_unit": "1 U",
    "date": "2023-01-17"
  },
  {
    "id": 17052,
    "name": "Galleta Mikado Chocolate Negro LU",
    "description": "Galleta Mikado Chocolate Negro 71 Gr",
    "category": "Galletas de chocolate",
    "url": "https://tienda.consum.es/es/p/galleta-mikado-chocolate-negro/7298516",
    "price": 1.85,
    "reference_price": 24.67,
    "iva": 10,
    "reference_unit": "1 Kg",
    "date": "2023-01-17"
  },
  {
    "id": 17056,
    "name": "Frizzante Blanco Vino de Aguja YLLERA 5.5",
    "description": "Frizzante Blanco Vino de Aguja 0,75 L",
    "category": "Vinos de aguja",
    "url": "https://tienda.consum.es/es/p/frizzante-blanco-vino-de-aguja/7298859",
    "price": 6.79,
    "reference_price": 9.05,
    "iva": 21,
    "reference_unit": "1 L",
    "date": "2023-01-17"
  },
  {
    "id": 17057,
    "name": "Vino Tinto 12 Meses V.T.Castilla y León YLLERA",
    "description": "Vino Tinto 12 Meses V.T.Castilla y León 0,75 L",
    "category": "Vinos d.o",
    "url": "https://tienda.consum.es/es/p/vino-tinto-12-meses-vtcastilla-y-leon/7298862",
    "price": 7.19,
    "reference_price": 9.59,
    "iva": 21,
    "reference_unit": "1 L",
    "date": "2023-01-17"
  },
  {
    "id": 17058,
    "name": "Colonia Masculina Nº57 CARAVAN",
    "description": "Colonia Masculina Nº57 150 ml",
    "category": "Masculinas",
    "url": "https://tienda.consum.es/es/p/colonia-masculina-n57/7298941",
    "price": 10.95,
    "reference_price": 7.3,
    "iva": 21,
    "reference_unit": "100 ml",
    "date": "2023-01-17"
  },
  {
    "id": 17062,
    "name": "Colonia Mujer Nº23 CARAVAN",
    "description": "Colonia Mujer Nº23 30 ml",
    "category": "Femeninas",
    "url": "https://tienda.consum.es/es/p/colonia-mujer-n23/7299191",
    "price": 3.5,
    "reference_price": 11.67,
    "iva": 21,
    "reference_unit": "100 ml",
    "date": "2023-01-17"
  },
  {
    "id": 17063,
    "name": "Colonia Mujer Nº26 Mini CARAVAN",
    "description": "Colonia Mujer Nº26 Mini 30 ml",
    "category": "Femeninas",
    "url": "https://tienda.consum.es/es/p/colonia-mujer-n26-mini/7299196",
    "price": 3.5,
    "reference_price": 11.67,
    "iva": 21,
    "reference_unit": "100 ml",
    "date": "2023-01-17"
  },
  {
    "id": 17064,
    "name": "Colonia Masculina Nº 13 CARAVAN",
    "description": "Colonia Masculina Nº 13 30 ml",
    "category": "Femeninas",
    "url": "https://tienda.consum.es/es/p/colonia-masculina-n-13/7299204",
    "price": 3.5,
    "reference_price": 11.67,
    "iva": 21,
    "reference_unit": "100 ml",
    "date": "2023-01-17"
  },
  {
    "id": 17073,
    "name": "Bizcocho Yogurt MUSFI'S",
    "description": "Bizcocho Yogurt 400 Gr",
    "category": "Bollería industrial",
    "url": "https://tienda.consum.es/es/p/bizcocho-yogurt/7299733",
    "price": 3.39,
    "reference_price": 8.48,
    "iva": 10,
    "reference_unit": "1 Kg",
    "date": "2023-01-17"
  },
  {
    "id": 17107,
    "name": "Brandada de Bacalao ANGOMAR",
    "description": "Brandada de Bacalao 225 Gr",
    "category": "Charcutería",
    "url": "https://tienda.consum.es/es/p/brandada-de-bacalao/7215908",
    "price": 3.29,
    "reference_price": 14.62,
    "iva": 10,
    "reference_unit": "1 Kg",
    "date": "2023-01-17"
  },
  {
    "id": 17108,
    "name": "Ajoarriero de Bacalao ANGOMAR",
    "description": "Ajoarriero de Bacalao 225 Gr",
    "category": "Charcutería",
    "url": "https://tienda.consum.es/es/p/ajoarriero-de-bacalao/7215911",
    "price": 2.99,
    "reference_price": 13.29,
    "iva": 10,
    "reference_unit": "1 Kg",
    "date": "2023-01-17"
  },
  {
    "id": 17138,
    "name": "Refresco Té Verde Botella CONSUM",
    "description": "Refresco Té Verde Botella 1,5 L",
    "category": "Té",
    "url": "https://tienda.consum.es/es/p/refresco-te-verde-botella/7287105",
    "price": 1.05,
    "reference_price": 0.7,
    "iva": 21,
    "reference_unit": "1 L",
    "date": "2023-01-17"
  },
  {
    "id": 17143,
    "name": "Peine Grande PONETTE",
    "description": "Peine Grande 1 U",
    "category": "Peines y accesorios",
    "url": "https://tienda.consum.es/es/p/peine-grande/7298144",
    "price": 0.99,
    "reference_price": 0.99,
    "iva": 21,
    "reference_unit": "1 U",
    "date": "2023-01-17"
  },
  {
    "id": 17144,
    "name": "Muesli con Frutas JOE'S FARM",
    "description": "Muesli con Frutas 1 Kg",
    "category": "Muesli",
    "url": "https://tienda.consum.es/es/p/muesli-con-frutas/7298243",
    "price": 2.35,
    "reference_price": 2.35,
    "iva": 10,
    "reference_unit": "1 Kg",
    "date": "2023-01-17"
  },
  {
    "id": 17146,
    "name": "Pipas G con Sal Maxi Ahorro Bolsa GREFUSA",
    "description": "Pipas G con Sal Maxi Ahorro Bolsa 300 Gr",
    "category": "Pipas",
    "url": "https://tienda.consum.es/es/p/pipas-g-con-sal-maxi-ahorro-bolsa/7298748",
    "price": 2.3,
    "reference_price": 7.67,
    "iva": 10,
    "reference_unit": "1 Kg",
    "date": "2023-01-17"
  },
  {
    "id": 17149,
    "name": "Pinza Pequeña PONETTE",
    "description": "Pinza Pequeña 1 U",
    "category": "Peines y accesorios",
    "url": "https://tienda.consum.es/es/p/pinza-pequena/7299097",
    "price": 1.99,
    "reference_price": 1.99,
    "iva": 21,
    "reference_unit": "1 U",
    "date": "2023-01-17"
  },
  {
    "id": 17163,
    "name": "Hummus con Berenjena DELITUSS",
    "description": "Hummus con Berenjena 150 Gr",
    "category": "Ensaladas y humus",
    "url": "https://tienda.consum.es/es/p/hummus-con-berenjena/7299845",
    "price": 1.99,
    "reference_price": 13.27,
    "iva": 10,
    "reference_unit": "1 Kg",
    "date": "2023-01-17"
  },
  {
    "id": 17164,
    "name": "Aceite de Girasol Alto Oleico CONSUM",
    "description": "Aceite de Girasol Alto Oleico 1 L",
    "category": "Aceite de girasol",
    "url": "https://tienda.consum.es/es/p/aceite-de-girasol-alto-oleico/7299873",
    "price": 3.05,
    "reference_price": 3.05,
    "iva": 5,
    "reference_unit": "1 L",
    "date": "2023-01-17"
  },
  {
    "id": 17165,
    "name": "Pipas G Baconeras Bolsa GREFUSA",
    "description": "Pipas G Baconeras Bolsa 165 Gr",
    "category": "Pipas",
    "url": "https://tienda.consum.es/es/p/pipas-g-baconeras-bolsa/7299956",
    "price": 1.75,
    "reference_price": 10.61,
    "iva": 10,
    "reference_unit": "1 Kg",
    "date": "2023-01-17"
  },
  {
    "id": 17173,
    "name": "Burger Veggie de Hummus con Setas NOEL",
    "description": "Burger Veggie de Hummus con Setas 2 x 90 Gr",
    "category": "Veganos",
    "url": "https://tienda.consum.es/es/p/burger-veggie-de-hummus-con-setas/7300346",
    "price": 2.19,
    "reference_price": 12.17,
    "iva": 10,
    "reference_unit": "1 Kg",
    "date": "2023-01-17"
  },
  {
    "id": 17180,
    "name": "Huevo Codorniz Cartón 18 Unidades MONTERDE",
    "description": "Huevo Codorniz Cartón 18 Unidades 1,5 Dc",
    "category": "Huevos",
    "url": "https://tienda.consum.es/es/p/huevo-codorniz-carton-18-unidades/7300853",
    "price": 1.54,
    "reference_price": 1.03,
    "iva": 0,
    "reference_unit": "1 Dc",
    "date": "2023-01-17"
  },
  {
    "id": 17193,
    "name": "Aroma de Azahar VAHINÉ",
    "description": "Aroma de Azahar 200 ml",
    "category": "Repostería para preparar",
    "url": "https://tienda.consum.es/es/p/aroma-de-azahar/7205359",
    "price": 2.65,
    "reference_price": 13.25,
    "iva": 10,
    "reference_unit": "1 L",
    "date": "2023-01-17"
  },
  {
    "id": 17197,
    "name": "Cepillo Térmico 25 MM PONETTE",
    "description": "Cepillo Térmico 25 MM 1 U",
    "category": "Peines y accesorios",
    "url": "https://tienda.consum.es/es/p/cepillo-termico-25-mm/7297679",
    "price": 2.99,
    "reference_price": 2.99,
    "iva": 21,
    "reference_unit": "1 U",
    "date": "2023-01-17"
  },
  {
    "id": 17200,
    "name": "Goma Metálica Pequeña PONETTE",
    "description": "Goma Metálica Pequeña 20 U",
    "category": "Peines y accesorios",
    "url": "https://tienda.consum.es/es/p/goma-metalica-pequena/7298321",
    "price": 0.99,
    "reference_price": 0.05,
    "iva": 21,
    "reference_unit": "1 U",
    "date": "2023-01-17"
  },
  {
    "id": 17213,
    "name": "Tofu Bio VIVERA",
    "description": "Tofu Bio 400 Gr",
    "category": "Quesos Veganos",
    "url": "https://tienda.consum.es/es/p/tofu-bio/7300015",
    "price": 3.25,
    "reference_price": 8.13,
    "iva": 10,
    "reference_unit": "1 Kg",
    "date": "2023-01-17"
  },
  {
    "id": 17215,
    "name": "Néctar Piña Sin Azúcar Añadido Brik JUVER",
    "description": "Néctar Piña Sin Azúcar Añadido Brik 6 x 200 ml",
    "category": "Zumos y néctares sin azúcar",
    "url": "https://tienda.consum.es/es/p/nectar-pina-sin-azucar-anadido-brik/7300507",
    "price": 2.89,
    "reference_price": 2.41,
    "iva": 21,
    "reference_unit": "1 L",
    "date": "2023-01-17"
  },
  {
    "id": 17222,
    "name": "Galletas Mini Simpson ARLUY",
    "description": "Galletas Mini Simpson 275 Gr",
    "category": "Desayuno y merienda infantil",
    "url": "https://tienda.consum.es/es/p/galletas-mini-simpson/7300965",
    "price": 2.79,
    "reference_price": 10.15,
    "iva": 10,
    "reference_unit": "1 Kg",
    "date": "2023-01-17"
  },
  {
    "id": 17224,
    "name": "Dulce de Leche Lata LA LECHERA",
    "description": "Dulce de Leche Lata 397 Gr",
    "category": "Condensada",
    "url": "https://tienda.consum.es/es/p/dulce-de-leche-lata/7301133",
    "price": 2.59,
    "reference_price": 6.52,
    "iva": 10,
    "reference_unit": "1 Kg",
    "date": "2023-01-17"
  },
  {
    "id": 17226,
    "name": "Chocolate Negro 85% sin Azúcar VALOR",
    "description": "Chocolate Negro 85% sin Azúcar 100 Gr",
    "category": "Tabletas",
    "url": "https://tienda.consum.es/es/p/chocolate-negro-85-sin-azucar/7301237",
    "price": 1.89,
    "reference_price": 18.9,
    "iva": 10,
    "reference_unit": "1 Kg",
    "date": "2023-01-17"
  },
  {
    "id": 17229,
    "name": "Perlas Queso Fresco Cabra para Ensalada BETTINE",
    "description": "Perlas Queso Fresco Cabra para Ensalada 100 Gr",
    "category": "Frescos y para ensaladas",
    "url": "https://tienda.consum.es/es/p/perlas-queso-fresco-cabra-para-ensalada/7301273",
    "price": 2.16,
    "reference_price": 21.6,
    "iva": 0,
    "reference_unit": "1 Kg",
    "date": "2023-01-17"
  },
  {
    "id": 17243,
    "name": "Sazonador Barbacoa Frasco DUCROS",
    "description": "Sazonador Barbacoa Frasco 44 Gr",
    "category": "Sazonadores",
    "url": "https://tienda.consum.es/es/p/sazonador-barbacoa-frasco/7290831",
    "price": 2.75,
    "reference_price": 6.25,
    "iva": 10,
    "reference_unit": "100 Gr",
    "date": "2023-01-17"
  },
  {
    "id": 17246,
    "name": "Diadema Infantil PONETTE",
    "description": "Diadema Infantil 1 U",
    "category": "Peines y accesorios",
    "url": "https://tienda.consum.es/es/p/diadema-infantil/7297260",
    "price": 1.85,
    "reference_price": 1.85,
    "iva": 21,
    "reference_unit": "1 U",
    "date": "2023-01-17"
  },
  {
    "id": 17251,
    "name": "Doble fuerza BELLA AURORA",
    "description": "Doble fuerza 30 ml",
    "category": "Hidratación",
    "url": "https://tienda.consum.es/es/p/doble-fuerza/7298693",
    "price": 9.99,
    "reference_price": 33.3,
    "iva": 21,
    "reference_unit": "100 ml",
    "date": "2023-01-17"
  },
  {
    "id": 17255,
    "name": "Magnum Mini Intense Dark FRIGO",
    "description": "Magnum Mini Intense Dark 264 Gr",
    "category": "Bombones",
    "url": "https://tienda.consum.es/es/p/magnum-mini-intense-dark/7299238",
    "price": 5.49,
    "reference_price": 20.8,
    "iva": 10,
    "reference_unit": "1 Kg",
    "date": "2023-01-17"
  },
  {
    "id": 17260,
    "name": "Tocino de Cielo Pack de 2 Unidades REINA",
    "description": "Tocino de Cielo Pack de 2 Unidades 2 x 100 Gr",
    "category": "Otros postres",
    "url": "https://tienda.consum.es/es/p/tocino-de-cielo-pack-de-2-unidades/7299535",
    "price": 1.99,
    "reference_price": 9.95,
    "iva": 10,
    "reference_unit": "1 Kg",
    "date": "2023-01-17"
  },
  {
    "id": 17268,
    "name": "Aceite de Maiz Botella ASUA",
    "description": "Aceite de Maiz Botella 1 L",
    "category": "Otros aceites",
    "url": "https://tienda.consum.es/es/p/aceite-de-maiz-botella/7299840",
    "price": 3.24,
    "reference_price": 3.24,
    "iva": 5,
    "reference_unit": "1 L",
    "date": "2023-01-17"
  },
  {
    "id": 17275,
    "name": "Gel Íntimo Delicado CHILLY",
    "description": "Gel Íntimo Delicado 250 ml",
    "category": "Aseo íntimo",
    "url": "https://tienda.consum.es/es/p/gel-intimo-delicado/7300796",
    "price": 4.15,
    "reference_price": 1.66,
    "iva": 21,
    "reference_unit": "100 ml",
    "date": "2023-01-17"
  },
  {
    "id": 17282,
    "name": "Salchichón Regio ARGAL",
    "description": "Salchichón Regio 70 Gr",
    "category": "Salchichón y salami",
    "url": "https://tienda.consum.es/es/p/salchichon-regio/7301013",
    "price": 1.75,
    "reference_price": 25,
    "iva": 10,
    "reference_unit": "1 Kg",
    "date": "2023-01-17"
  },
  {
    "id": 17284,
    "name": "Refresco Cola Zero Cherry Lata COCA-COLA",
    "description": "Refresco Cola Zero Cherry Lata 0,33 L",
    "category": "Cola",
    "url": "https://tienda.consum.es/es/p/refresco-cola-zero-cherry-lata/7301104",
    "price": 0.85,
    "reference_price": 2.58,
    "iva": 21,
    "reference_unit": "1 L",
    "date": "2023-01-17"
  },
  {
    "id": 17292,
    "name": "Crema Verduras Brik G.BLANCA",
    "description": "Crema Verduras Brik 500 ml",
    "category": "Cremas",
    "url": "https://tienda.consum.es/es/p/crema-verduras-brik/7301518",
    "price": 1.89,
    "reference_price": 3.78,
    "iva": 10,
    "reference_unit": "1 L",
    "date": "2023-01-17"
  },
  {
    "id": 17294,
    "name": "Caramelo Limón y Melisa MENTOLIN",
    "description": "Caramelo Limón y Melisa 150 Gr",
    "category": "Chicles, caramelos y gominolas",
    "url": "https://tienda.consum.es/es/p/caramelo-limon-y-melisa/7301620",
    "price": 1.25,
    "reference_price": 8.33,
    "iva": 10,
    "reference_unit": "1 Kg",
    "date": "2023-01-17"
  },
  {
    "id": 17342,
    "name": "Colonia Mini Masculina FLOR DE MAYO",
    "description": "Colonia Mini Masculina 20 ml",
    "category": "Masculinas",
    "url": "https://tienda.consum.es/es/p/colonia-mini-masculina/7300494",
    "price": 1.6,
    "reference_price": 8,
    "iva": 21,
    "reference_unit": "100 ml",
    "date": "2023-01-17"
  },
  {
    "id": 17363,
    "name": "Patata Gallega Cachelo Malla ",
    "description": "Patata Gallega Cachelo Malla 3 Kg",
    "category": "Patatas, cebollas y ajos",
    "url": "https://tienda.consum.es/es/p/patata-gallega-cachelo-malla/7302409",
    "price": 4.8,
    "reference_price": 1.6,
    "iva": 0,
    "reference_unit": "1 Kg",
    "date": "2023-01-17"
  },
  {
    "id": 17364,
    "name": "Floretes Coliflor Bandeja ",
    "description": "Floretes Coliflor Bandeja 500 Gr",
    "category": "Brócoli, col y coliflor",
    "url": "https://tienda.consum.es/es/p/floretes-coliflor-bandeja/7302412",
    "price": 1.63,
    "reference_price": 3.26,
    "iva": 0,
    "reference_unit": "1 Kg",
    "date": "2023-01-17"
  },
  {
    "id": 17365,
    "name": "Tomate Entero Lata CONSUM",
    "description": "Tomate Entero Lata 480 Gr",
    "category": "Tomate",
    "url": "https://tienda.consum.es/es/p/tomate-entero-lata/7027709",
    "price": 1.2,
    "reference_price": 2.5,
    "iva": 10,
    "reference_unit": "1 Kg",
    "date": "2023-01-17"
  },
  {
    "id": 17366,
    "name": "Tomate Entero Lata CONSUM",
    "description": "Tomate Entero Lata 240 Gr",
    "category": "Tomate",
    "url": "https://tienda.consum.es/es/p/tomate-entero-lata/7027712",
    "price": 0.7,
    "reference_price": 2.92,
    "iva": 10,
    "reference_unit": "1 Kg",
    "date": "2023-01-17"
  },
  {
    "id": 17374,
    "name": "Recambio Eléctrico 3 Evolution Aire Fresco AMBIPUR",
    "description": "Recambio Eléctrico 3 Evolution Aire Fresco 1 U",
    "category": "Eléctricos y automáticos",
    "url": "https://tienda.consum.es/es/p/recambio-electrico-3-evolution-aire-fresco/7301286",
    "price": 5.99,
    "reference_price": 5.99,
    "iva": 21,
    "reference_unit": "1 U",
    "date": "2023-01-17"
  },
  {
    "id": 17377,
    "name": "Snack Multicereales al Toque de Sal Marina SUNBITES",
    "description": "Snack Multicereales al Toque de Sal Marina 95 Gr",
    "category": "Snacks y otros aperitivos",
    "url": "https://tienda.consum.es/es/p/snack-multicereales-al-toque-de-sal-marina/7301810",
    "price": 2.09,
    "reference_price": 22,
    "iva": 10,
    "reference_unit": "1 Kg",
    "date": "2023-01-17"
  },
  {
    "id": 17379,
    "name": "Recambio Ambientador Eléctrico Duplo Nenuco AIR WICK",
    "description": "Recambio Ambientador Eléctrico Duplo Nenuco 2 U",
    "category": "Eléctricos y automáticos",
    "url": "https://tienda.consum.es/es/p/recambio-ambientador-electrico-duplo-nenuco/7200533",
    "price": 8.99,
    "reference_price": 4.5,
    "iva": 21,
    "reference_unit": "1 U",
    "date": "2023-01-17"
  },
  {
    "id": 17381,
    "name": "Manzana Fuji Marlene Bandeja ",
    "description": "Manzana Fuji Marlene Bandeja 750 Gr",
    "category": "Manzana, pera y plátano",
    "url": "https://tienda.consum.es/es/p/manzana-fuji-marlene-bandeja/7233307",
    "price": 1.91,
    "reference_price": 2.55,
    "iva": 0,
    "reference_unit": "1 Kg",
    "date": "2023-01-17"
  },
  {
    "id": 17383,
    "name": "Cerveza Botella Cristal Pack-12 E.GALICIA",
    "description": "Cerveza Botella Cristal Pack-12 12 x 0,25 L",
    "category": "Nacional botella",
    "url": "https://tienda.consum.es/es/p/cerveza-botella-cristal-pack-12/7288504",
    "price": 6.84,
    "reference_price": 2.28,
    "iva": 21,
    "reference_unit": "1 L",
    "date": "2023-01-17"
  },
  {
    "id": 17405,
    "name": "Preservativos Natural HAPPYSEX",
    "description": "Preservativos Natural 12 U",
    "category": "Preservativos",
    "url": "https://tienda.consum.es/es/p/preservativos-natural/7301583",
    "price": 2.93,
    "reference_price": 0.24,
    "iva": 4,
    "reference_unit": "1 U",
    "date": "2023-01-17"
  },
  {
    "id": 17406,
    "name": "Snack Multicereales Sabor Cheedar y Cebolla SUNBITES",
    "description": "Snack Multicereales Sabor Cheedar y Cebolla 95 Gr",
    "category": "Snacks y otros aperitivos",
    "url": "https://tienda.consum.es/es/p/snack-multicereales-sabor-cheedar-y-cebolla/7301807",
    "price": 2.09,
    "reference_price": 22,
    "iva": 10,
    "reference_unit": "1 Kg",
    "date": "2023-01-17"
  },
  {
    "id": 17412,
    "name": "Queso de Oveja Añejo Leche Cruda CARMEN",
    "description": "Queso de Oveja Añejo Leche Cruda 200 Gr",
    "category": "Quesos Curados",
    "url": "https://tienda.consum.es/es/p/queso-de-oveja-anejo-leche-cruda/7302052",
    "price": 3.74,
    "reference_price": 18.7,
    "iva": 0,
    "reference_unit": "1 Kg",
    "date": "2023-01-17"
  },
  {
    "id": 17415,
    "name": "Surtido Mermelada HELIOS",
    "description": "Surtido Mermelada 200 Gr",
    "category": "Mermeladas y confituras",
    "url": "https://tienda.consum.es/es/p/surtido-mermelada/7302263",
    "price": 2.35,
    "reference_price": 11.75,
    "iva": 10,
    "reference_unit": "1 Kg",
    "date": "2023-01-17"
  },
  {
    "id": 17422,
    "name": "Frambuesa Bandeja ",
    "description": "Frambuesa Bandeja 170 Gr",
    "category": "Otras frutas",
    "url": "https://tienda.consum.es/es/p/frambuesa-bandeja/7302693",
    "price": 2.2,
    "reference_price": 12.94,
    "iva": 0,
    "reference_unit": "1 Kg",
    "date": "2023-01-17"
  },
  {
    "id": 17430,
    "name": "Pinza Grande PONETTE",
    "description": "Pinza Grande 1 U",
    "category": "Peines y accesorios",
    "url": "https://tienda.consum.es/es/p/pinza-grande/7300403",
    "price": 1.75,
    "reference_price": 1.75,
    "iva": 21,
    "reference_unit": "1 U",
    "date": "2023-01-17"
  },
  {
    "id": 17432,
    "name": "Harina Integral de Avena Paquete HARIMSA",
    "description": "Harina Integral de Avena Paquete 400 Gr",
    "category": "Harinas y levaduras",
    "url": "https://tienda.consum.es/es/p/harina-integral-de-avena-paquete/7301096",
    "price": 1.75,
    "reference_price": 4.38,
    "iva": 0,
    "reference_unit": "1 Kg",
    "date": "2023-01-17"
  },
  {
    "id": 17434,
    "name": "Crema Manos Ecológica FEEL FREE",
    "description": "Crema Manos Ecológica 75 ml",
    "category": "Cuidado manos y pies",
    "url": "https://tienda.consum.es/es/p/crema-manos-ecologica/7301344",
    "price": 1.95,
    "reference_price": 2.6,
    "iva": 21,
    "reference_unit": "100 ml",
    "date": "2023-01-17"
  },
  {
    "id": 17435,
    "name": "Crema Hidratante Dia Ecológica FEEL FREE",
    "description": "Crema Hidratante Dia Ecológica 50 ml",
    "category": "Hidratación",
    "url": "https://tienda.consum.es/es/p/crema-hidratante-dia-ecologica/7301349",
    "price": 3.95,
    "reference_price": 7.9,
    "iva": 21,
    "reference_unit": "100 ml",
    "date": "2023-01-17"
  },
  {
    "id": 17437,
    "name": "Leche Facial Limpiadora Ecológica FEEL FREE",
    "description": "Leche Facial Limpiadora Ecológica 200 ml",
    "category": "Limpieza y desmaquilladores",
    "url": "https://tienda.consum.es/es/p/leche-facial-limpiadora-ecologica/7301414",
    "price": 3.65,
    "reference_price": 1.83,
    "iva": 21,
    "reference_unit": "100 ml",
    "date": "2023-01-17"
  },
  {
    "id": 17438,
    "name": "Crema Nutritiva Noche Ecológica FEEL FREE",
    "description": "Crema Nutritiva Noche Ecológica 50 ml",
    "category": "Hidratación",
    "url": "https://tienda.consum.es/es/p/crema-nutritiva-noche-ecologica/7301430",
    "price": 5.99,
    "reference_price": 11.98,
    "iva": 21,
    "reference_unit": "100 ml",
    "date": "2023-01-17"
  },
  {
    "id": 17439,
    "name": "Serum Facial Ecológico FEEL FREE",
    "description": "Serum Facial Ecológico 30 ml",
    "category": "Tratamiento",
    "url": "https://tienda.consum.es/es/p/serum-facial-ecologico/7301463",
    "price": 5.59,
    "reference_price": 18.63,
    "iva": 21,
    "reference_unit": "100 ml",
    "date": "2023-01-17"
  },
  {
    "id": 17440,
    "name": "Tónico Facial Ecológico FEEL FREE",
    "description": "Tónico Facial Ecológico 200 ml",
    "category": "Limpieza y desmaquilladores",
    "url": "https://tienda.consum.es/es/p/tonico-facial-ecologico/7301468",
    "price": 2.45,
    "reference_price": 1.23,
    "iva": 21,
    "reference_unit": "100 ml",
    "date": "2023-01-17"
  },
  {
    "id": 17441,
    "name": "Contorno Ojos Ecológico FEEL FREE",
    "description": "Contorno Ojos Ecológico 20 ml",
    "category": "Hidratación",
    "url": "https://tienda.consum.es/es/p/contorno-ojos-ecologico/7301500",
    "price": 3.25,
    "reference_price": 16.25,
    "iva": 21,
    "reference_unit": "100 ml",
    "date": "2023-01-17"
  },
  {
    "id": 17442,
    "name": "Chocolate Negro Bio 85% cacao SUCHARD",
    "description": "Chocolate Negro Bio 85% cacao 90 Gr",
    "category": "Tabletas",
    "url": "https://tienda.consum.es/es/p/chocolate-negro-bio-85-cacao/7301604",
    "price": 2.55,
    "reference_price": 28.33,
    "iva": 10,
    "reference_unit": "1 Kg",
    "date": "2023-01-17"
  },
  {
    "id": 17443,
    "name": "Vino Blanco Con Barrica D.O.Rioja LOPEZ HARO",
    "description": "Vino Blanco Con Barrica D.O.Rioja 0,75 L",
    "category": "Vinos d.o",
    "url": "https://tienda.consum.es/es/p/vino-blanco-con-barrica-dorioja/7301690",
    "price": 4.95,
    "reference_price": 6.6,
    "iva": 21,
    "reference_unit": "1 L",
    "date": "2023-01-17"
  },
  {
    "id": 17446,
    "name": "Berberechos al Natural Lata 45/55 GALICA",
    "description": "Berberechos al Natural Lata 45/55 63 Gr",
    "category": "Almejas, berberechos y navajas",
    "url": "https://tienda.consum.es/es/p/berberechos-al-natural-lata-45/55/7302037",
    "price": 5.59,
    "reference_price": 88.73,
    "iva": 10,
    "reference_unit": "1 Kg",
    "date": "2023-01-17"
  },
  {
    "id": 17447,
    "name": "Berberechos al Natural Pequeños GALICA",
    "description": "Berberechos al Natural Pequeños 63 Gr",
    "category": "Almejas, berberechos y navajas",
    "url": "https://tienda.consum.es/es/p/berberechos-al-natural-pequenos/7302040",
    "price": 3.69,
    "reference_price": 58.57,
    "iva": 10,
    "reference_unit": "1 Kg",
    "date": "2023-01-17"
  },
  {
    "id": 17449,
    "name": "Caramelo Eucaliptus MENTOLIN",
    "description": "Caramelo Eucaliptus 150 Gr",
    "category": "Chicles, caramelos y gominolas",
    "url": "https://tienda.consum.es/es/p/caramelo-eucaliptus/7302151",
    "price": 1.25,
    "reference_price": 8.33,
    "iva": 10,
    "reference_unit": "1 Kg",
    "date": "2023-01-17"
  },
  {
    "id": 17453,
    "name": "Detergente Líquido Prendas Finas Máquina NORIT",
    "description": "Detergente Líquido Prendas Finas Máquina 37 Lv",
    "category": "Prendas delicadas",
    "url": "https://tienda.consum.es/es/p/detergente-liquido-prendas-finas-maquina/7302359",
    "price": 3.99,
    "reference_price": 0.11,
    "iva": 21,
    "reference_unit": "1 Lv",
    "date": "2023-01-17"
  },
  {
    "id": 17454,
    "name": "Crema Regenerist Tres Áreas Noche OLAY",
    "description": "Crema Regenerist Tres Áreas Noche 50 ml",
    "category": "Hidratación",
    "url": "https://tienda.consum.es/es/p/crema-regenerist-tres-areas-noche/7302479",
    "price": 24.9,
    "reference_price": 49.8,
    "iva": 21,
    "reference_unit": "100 ml",
    "date": "2023-01-17"
  },
  {
    "id": 17460,
    "name": "Ossobuco ",
    "description": "Ossobuco",
    "category": "Ternera y añojo",
    "url": "https://tienda.consum.es/es/p/ossobuco/7080679",
    "price": 3.45,
    "reference_price": 11.5,
    "iva": 10,
    "reference_unit": "1 Kg",
    "date": "2023-01-17"
  },
  {
    "id": 17462,
    "name": "Gamba Arrocera ",
    "description": "Gamba Arrocera - Congelado",
    "category": "Mariscos",
    "url": "https://tienda.consum.es/es/p/gamba-arrocera/7215168",
    "price": 12.95,
    "reference_price": 12.95,
    "iva": 10,
    "reference_unit": "1 Kg",
    "date": "2023-01-17"
  },
  {
    "id": 17465,
    "name": "Gamba Alistada 25-30 Piezas Caja 500 Gr ",
    "description": "Gamba Alistada 25-30 Piezas Caja 500 Gr 500 Gr - Congelado",
    "category": "Mariscos",
    "url": "https://tienda.consum.es/es/p/gamba-alistada-25-30-piezas-caja-500-gr/7247455",
    "price": 19.9,
    "reference_price": 39.8,
    "iva": 10,
    "reference_unit": "1 Kg",
    "date": "2023-01-17"
  },
  {
    "id": 17472,
    "name": "Napolitana mixta 1 Unidad ",
    "description": "Napolitana mixta 1 Unidad 115 Gr",
    "category": "Napolitanas y croissants",
    "url": "https://tienda.consum.es/es/p/napolitana-mixta-1-unidad/7296150",
    "price": 0.73,
    "reference_price": 6.35,
    "iva": 10,
    "reference_unit": "1 Kg",
    "date": "2023-01-17"
  },
  {
    "id": 17473,
    "name": "Croissant Artesano 1 Unidad ",
    "description": "Croissant Artesano 1 Unidad 75 Gr",
    "category": "Croissants y ensaimadas",
    "url": "https://tienda.consum.es/es/p/croissant-artesano-1-unidad/7296155",
    "price": 0.7,
    "reference_price": 9.33,
    "iva": 10,
    "reference_unit": "1 Kg",
    "date": "2023-01-17"
  },
  {
    "id": 17475,
    "name": "Napolitana de Chocolate 1 Unidad ",
    "description": "Napolitana de Chocolate 1 Unidad 95 Gr",
    "category": "Napolitanas y hojaldres",
    "url": "https://tienda.consum.es/es/p/napolitana-de-chocolate-1-unidad/7296168",
    "price": 0.85,
    "reference_price": 8.95,
    "iva": 10,
    "reference_unit": "1 Kg",
    "date": "2023-01-17"
  },
  {
    "id": 17476,
    "name": "Empanadilla de Pisto 1 Unidad ",
    "description": "Empanadilla de Pisto 1 Unidad 105 Gr",
    "category": "Empanadillas",
    "url": "https://tienda.consum.es/es/p/empanadilla-de-pisto-1-unidad/7296176",
    "price": 1.13,
    "reference_price": 10.76,
    "iva": 10,
    "reference_unit": "1 Kg",
    "date": "2023-01-17"
  },
  {
    "id": 17478,
    "name": "Empanadilla de Espinacas 1 ud. ",
    "description": "Empanadilla de Espinacas 1 ud. 110 Gr",
    "category": "Empanadillas",
    "url": "https://tienda.consum.es/es/p/empanadilla-de-espinacas-1-ud/7296197",
    "price": 0.99,
    "reference_price": 9,
    "iva": 10,
    "reference_unit": "1 Kg",
    "date": "2023-01-17"
  },
  {
    "id": 17488,
    "name": "Harina de Trigo Ecológico Paquete HARIMSA",
    "description": "Harina de Trigo Ecológico Paquete 500 Gr",
    "category": "Despensa",
    "url": "https://tienda.consum.es/es/p/harina-de-trigo-ecologico-paquete/7301109",
    "price": 1.59,
    "reference_price": 3.18,
    "iva": 10,
    "reference_unit": "1 Kg",
    "date": "2023-01-17"
  },
  {
    "id": 17495,
    "name": "Membrillo Bio SANTA TERESA",
    "description": "Membrillo Bio 290 Gr",
    "category": "Membrillos y compotas",
    "url": "https://tienda.consum.es/es/p/membrillo-bio/7302057",
    "price": 4.29,
    "reference_price": 14.79,
    "iva": 10,
    "reference_unit": "1 Kg",
    "date": "2023-01-17"
  },
  {
    "id": 17498,
    "name": "Detergente Líquido Prendas Delicadas Bebé NORIT",
    "description": "Detergente Líquido Prendas Delicadas Bebé 32 Lv",
    "category": "Prendas delicadas",
    "url": "https://tienda.consum.es/es/p/detergente-liquido-prendas-delicadas-bebe/7302362",
    "price": 4.19,
    "reference_price": 0.13,
    "iva": 21,
    "reference_unit": "1 Lv",
    "date": "2023-01-17"
  },
  {
    "id": 17499,
    "name": "Refresco Cola Zero Sin Cafeína Lata PEPSI-COLA",
    "description": "Refresco Cola Zero Sin Cafeína Lata 0,33 L",
    "category": "Cola",
    "url": "https://tienda.consum.es/es/p/refresco-cola-zero-sin-cafeina-lata/7302602",
    "price": 0.64,
    "reference_price": 1.94,
    "iva": 21,
    "reference_unit": "1 L",
    "date": "2023-01-17"
  },
  {
    "id": 17500,
    "name": "Paté de Finas Hierbas al Estilo Provenzal LA PIARA",
    "description": "Paté de Finas Hierbas al Estilo Provenzal 100 Gr",
    "category": "Patés y untables",
    "url": "https://tienda.consum.es/es/p/pate-de-finas-hierbas-al-estilo-provenzal/7302727",
    "price": 1.59,
    "reference_price": 15.9,
    "iva": 10,
    "reference_unit": "1 Kg",
    "date": "2023-01-17"
  },
  {
    "id": 17505,
    "name": "Cargador Pared Doble USB SONY",
    "description": "Cargador Pared Doble USB 1 U",
    "category": "Electricidad, pilas y bombillas",
    "url": "https://tienda.consum.es/es/p/cargador-pared-doble-usb/7278443",
    "price": 9.99,
    "reference_price": 9.99,
    "iva": 21,
    "reference_unit": "1 U",
    "date": "2023-01-17"
  },
  {
    "id": 17510,
    "name": "Pan Rallado Ajo/Perejil Crunchy Sin Gluten ESGIR",
    "description": "Pan Rallado Ajo/Perejil Crunchy Sin Gluten 100 Gr",
    "category": "Pan rallado",
    "url": "https://tienda.consum.es/es/p/pan-rallado-ajo/perejil-crunchy-sin-gluten/7300411",
    "price": 1.15,
    "reference_price": 11.5,
    "iva": 10,
    "reference_unit": "1 Kg",
    "date": "2023-01-17"
  },
  {
    "id": 17512,
    "name": "Whisky Malta 12 Años GLENFIDDICH",
    "description": "Whisky Malta 12 Años 0,7 L",
    "category": "Licores y vermouth",
    "url": "https://tienda.consum.es/es/p/whisky-malta-12-anos/7302388",
    "price": 30.9,
    "reference_price": 44.14,
    "iva": 21,
    "reference_unit": "1 L",
    "date": "2023-01-17"
  },
  {
    "id": 17518,
    "name": "Chocolate con Leche para Postres NESTLE",
    "description": "Chocolate con Leche para Postres 170 Gr",
    "category": "Tabletas",
    "url": "https://tienda.consum.es/es/p/chocolate-con-leche-para-postres/7302859",
    "price": 1.85,
    "reference_price": 10.88,
    "iva": 10,
    "reference_unit": "1 Kg",
    "date": "2023-01-17"
  },
  {
    "id": 17520,
    "name": "Yogur de Oveja con Confitura Arándanos DONCEL",
    "description": "Yogur de Oveja con Confitura Arándanos 140 Gr",
    "category": "Cremosos y enriquecidos",
    "url": "https://tienda.consum.es/es/p/yogur-de-oveja-con-confitura-arandanos/7302867",
    "price": 1.55,
    "reference_price": 11.07,
    "iva": 10,
    "reference_unit": "1 Kg",
    "date": "2023-01-17"
  },
  {
    "id": 17522,
    "name": "Yogur de Oveja con Confitura Castaña DONCEL",
    "description": "Yogur de Oveja con Confitura Castaña 140 Gr",
    "category": "Cremosos y enriquecidos",
    "url": "https://tienda.consum.es/es/p/yogur-de-oveja-con-confitura-castana/7302875",
    "price": 1.55,
    "reference_price": 11.07,
    "iva": 10,
    "reference_unit": "1 Kg",
    "date": "2023-01-17"
  },
  {
    "id": 17525,
    "name": "Bebida Multifrutas Brik BAHAMAS",
    "description": "Bebida Multifrutas Brik 2 L",
    "category": "Zumos y néctares no refrigerados",
    "url": "https://tienda.consum.es/es/p/bebida-multifrutas-brik/7302904",
    "price": 1.1,
    "reference_price": 0.55,
    "iva": 21,
    "reference_unit": "1 L",
    "date": "2023-01-17"
  },
  {
    "id": 17530,
    "name": "Vino Tinto Petit Verdot D.O.Valencia MURVIEDRO",
    "description": "Vino Tinto Petit Verdot D.O.Valencia 0,75 L",
    "category": "Vinos d.o",
    "url": "https://tienda.consum.es/es/p/vino-tinto-petit-verdot-dovalencia/7302995",
    "price": 3.79,
    "reference_price": 5.05,
    "iva": 21,
    "reference_unit": "1 L",
    "date": "2023-01-17"
  },
  {
    "id": 17543,
    "name": "Rana Pequeña 6 unidades PONETTE",
    "description": "Rana Pequeña 6 unidades 6 U",
    "category": "Peines y accesorios",
    "url": "https://tienda.consum.es/es/p/rana-pequena-6-unidades/7300457",
    "price": 0.99,
    "reference_price": 0.17,
    "iva": 21,
    "reference_unit": "1 U",
    "date": "2023-01-17"
  },
  {
    "id": 17544,
    "name": "Almendra Cáscara Blanda Cruda Granel ",
    "description": "Almendra Cáscara Blanda Cruda Granel",
    "category": "Almendras",
    "url": "https://tienda.consum.es/es/p/almendra-cascara-blanda-cruda-granel/7300671",
    "price": 9.61,
    "reference_price": 9.61,
    "iva": 0,
    "reference_unit": "1 Kg",
    "date": "2023-01-17"
  },
  {
    "id": 17546,
    "name": "Mayo Vegana Bio Sin Huevo y Sin Lactosa D'ATENEA",
    "description": "Mayo Vegana Bio Sin Huevo y Sin Lactosa 180 Gr",
    "category": "Mayonesa",
    "url": "https://tienda.consum.es/es/p/mayo-vegana-bio-sin-huevo-y-sin-lactosa/7301112",
    "price": 2.49,
    "reference_price": 13.83,
    "iva": 10,
    "reference_unit": "1 Kg",
    "date": "2023-01-17"
  },
  {
    "id": 17558,
    "name": "Postre Manzana y Mango Pack de 2 ANELA",
    "description": "Postre Manzana y Mango Pack de 2 2 x 100 Gr",
    "category": "Membrillos y compotas",
    "url": "https://tienda.consum.es/es/p/postre-manzana-y-mango-pack-de-2/7302847",
    "price": 1.35,
    "reference_price": 6.75,
    "iva": 10,
    "reference_unit": "1 Kg",
    "date": "2023-01-17"
  },
  {
    "id": 17560,
    "name": "Arroz Integral con Chía y Quinoa BRILLANTE",
    "description": "Arroz Integral con Chía y Quinoa 2 x 125 Gr",
    "category": "Arroz, pastas, legumbres",
    "url": "https://tienda.consum.es/es/p/arroz-integral-con-chia-y-quinoa/7302990",
    "price": 1.35,
    "reference_price": 5.4,
    "iva": 10,
    "reference_unit": "1 Kg",
    "date": "2023-01-17"
  },
  {
    "id": 17561,
    "name": "Pipas XXL Bolsa EL MANISERO",
    "description": "Pipas XXL Bolsa 170 Gr",
    "category": "Pipas",
    "url": "https://tienda.consum.es/es/p/pipas-xxl-bolsa/7303006",
    "price": 1.49,
    "reference_price": 9.93,
    "iva": 10,
    "reference_unit": "1 Kg",
    "date": "2023-01-17"
  },
  {
    "id": 17562,
    "name": "Pipas Oro Bolsa EL MANISERO",
    "description": "Pipas Oro Bolsa 150 Gr",
    "category": "Pipas",
    "url": "https://tienda.consum.es/es/p/pipas-oro-bolsa/7303014",
    "price": 1.59,
    "reference_price": 10.6,
    "iva": 10,
    "reference_unit": "1 Kg",
    "date": "2023-01-17"
  },
  {
    "id": 17570,
    "name": "Trenza de Nueces 1 Unidad ",
    "description": "Trenza de Nueces 1 Unidad 120 Gr",
    "category": "Croissants y ensaimadas",
    "url": "https://tienda.consum.es/es/p/trenza-de-nueces-1-unidad/7303386",
    "price": 0.65,
    "reference_price": 5.42,
    "iva": 10,
    "reference_unit": "1 Kg",
    "date": "2023-01-17"
  },
  {
    "id": 17577,
    "name": "Detergente Líquido Prendas Delicadas Mano NORIT",
    "description": "Detergente Líquido Prendas Delicadas Mano 45 Lv",
    "category": "A mano y jabón común",
    "url": "https://tienda.consum.es/es/p/detergente-liquido-prendas-delicadas-mano/7302354",
    "price": 3.99,
    "reference_price": 0.09,
    "iva": 21,
    "reference_unit": "1 Lv",
    "date": "2023-01-17"
  },
  {
    "id": 17579,
    "name": "Nata Montada Spray Bote PULEVA",
    "description": "Nata Montada Spray Bote 250 Gr",
    "category": "Nata",
    "url": "https://tienda.consum.es/es/p/nata-montada-spray-bote/7261378",
    "price": 2.69,
    "reference_price": 10.76,
    "iva": 10,
    "reference_unit": "1 Kg",
    "date": "2023-01-17"
  },
  {
    "id": 17580,
    "name": "Bebida de Soja sin Azúcares Añadidos Brik CONSUM ECO",
    "description": "Bebida de Soja sin Azúcares Añadidos Brik 1 L",
    "category": "Bebidas vegetales",
    "url": "https://tienda.consum.es/es/p/bebida-de-soja-sin-azucares-anadidos-brik/7288384",
    "price": 1.35,
    "reference_price": 1.35,
    "iva": 10,
    "reference_unit": "1 L",
    "date": "2023-01-17"
  },
  {
    "id": 17581,
    "name": "Bebida de Avena Brik CONSUM ECO",
    "description": "Bebida de Avena Brik 1 L",
    "category": "Bebidas vegetales",
    "url": "https://tienda.consum.es/es/p/bebida-de-avena-brik/7288397",
    "price": 1.49,
    "reference_price": 1.49,
    "iva": 10,
    "reference_unit": "1 L",
    "date": "2023-01-17"
  },
  {
    "id": 17582,
    "name": "Peine Cola de Ratón PONETTE",
    "description": "Peine Cola de Ratón 1 U",
    "category": "Peines y accesorios",
    "url": "https://tienda.consum.es/es/p/peine-cola-de-raton/7294445",
    "price": 0.99,
    "reference_price": 0.99,
    "iva": 21,
    "reference_unit": "1 U",
    "date": "2023-01-17"
  },
  {
    "id": 17583,
    "name": "Suizos con Mantequilla ",
    "description": "Suizos con Mantequilla 100 Gr",
    "category": "Croissants y ensaimadas",
    "url": "https://tienda.consum.es/es/p/suizos-con-mantequilla/7297617",
    "price": 1.15,
    "reference_price": 11.5,
    "iva": 10,
    "reference_unit": "1 Kg",
    "date": "2023-01-17"
  },
  {
    "id": 17584,
    "name": "Encendedor Cocina FLAM UP",
    "description": "Encendedor Cocina 1 U",
    "category": "Barbacoa, piscina y playa",
    "url": "https://tienda.consum.es/es/p/encendedor-cocina/7299001",
    "price": 2.57,
    "reference_price": 2.57,
    "iva": 21,
    "reference_unit": "1 U",
    "date": "2023-01-17"
  },
  {
    "id": 17585,
    "name": "Peine Liendrera PONETTE",
    "description": "Peine Liendrera 1 U",
    "category": "Peines y accesorios",
    "url": "https://tienda.consum.es/es/p/peine-liendrera/7299159",
    "price": 1.99,
    "reference_price": 1.99,
    "iva": 21,
    "reference_unit": "1 U",
    "date": "2023-01-17"
  },
  {
    "id": 17586,
    "name": "Pouch Delicias Pescado Comida Humeda Gatos SHEBA",
    "description": "Pouch Delicias Pescado Comida Humeda Gatos 4 x 85 Gr",
    "category": "Húmedo",
    "url": "https://tienda.consum.es/es/p/pouch-delicias-pescado-comida-humeda-gatos/7300239",
    "price": 3.15,
    "reference_price": 9.26,
    "iva": 10,
    "reference_unit": "1 Kg",
    "date": "2023-01-17"
  },
  {
    "id": 17587,
    "name": "Rana Grande 6 unidades PONETTE",
    "description": "Rana Grande 6 unidades 6 U",
    "category": "Peines y accesorios",
    "url": "https://tienda.consum.es/es/p/rana-grande-6-unidades/7300452",
    "price": 1.99,
    "reference_price": 0.33,
    "iva": 21,
    "reference_unit": "1 U",
    "date": "2023-01-17"
  },
  {
    "id": 17588,
    "name": "Preservativos Sensible HAPPYSEX",
    "description": "Preservativos Sensible 12 U",
    "category": "Preservativos",
    "url": "https://tienda.consum.es/es/p/preservativos-sensible/7301588",
    "price": 3.17,
    "reference_price": 0.26,
    "iva": 4,
    "reference_unit": "1 U",
    "date": "2023-01-17"
  },
  {
    "id": 17590,
    "name": "Recambio Cortacallos PONETTE",
    "description": "Recambio Cortacallos 1 U",
    "category": "Manicura y pedicura",
    "url": "https://tienda.consum.es/es/p/recambio-cortacallos/7303050",
    "price": 0.99,
    "reference_price": 0.99,
    "iva": 21,
    "reference_unit": "1 U",
    "date": "2023-01-17"
  },
  {
    "id": 17595,
    "name": "Nata Montada Spray Ligera Bote ASTURIANA",
    "description": "Nata Montada Spray Ligera Bote 275 Gr",
    "category": "Nata",
    "url": "https://tienda.consum.es/es/p/nata-montada-spray-ligera-bote/7303654",
    "price": 2.75,
    "reference_price": 10,
    "iva": 10,
    "reference_unit": "1 Kg",
    "date": "2023-01-17"
  },
  {
    "id": 17597,
    "name": "Agua Mineral Natural Botella CABREIROA",
    "description": "Agua Mineral Natural Botella 1 L",
    "category": "Agua sin gas : botella",
    "url": "https://tienda.consum.es/es/p/agua-mineral-natural-botella/7303712",
    "price": 0.69,
    "reference_price": 0.69,
    "iva": 10,
    "reference_unit": "1 L",
    "date": "2023-01-17"
  },
  {
    "id": 17608,
    "name": "Superalimentos 5 semillas FLORETTE",
    "description": "Superalimentos 5 semillas 100 Gr",
    "category": "Toppings ensaladas",
    "url": "https://tienda.consum.es/es/p/superalimentos-5-semillas/7302987",
    "price": 1.75,
    "reference_price": 17.5,
    "iva": 10,
    "reference_unit": "1 Kg",
    "date": "2023-01-17"
  },
  {
    "id": 17610,
    "name": "Pandorino Cacao Pack 4 Unidades DULCESOL",
    "description": "Pandorino Cacao Pack 4 Unidades 135 Gr",
    "category": "Desayuno, dulces y café",
    "url": "https://tienda.consum.es/es/p/pandorino-cacao-pack-4-unidades/7303464",
    "price": 1,
    "reference_price": 7.41,
    "iva": 10,
    "reference_unit": "1 Kg",
    "date": "2023-01-17"
  },
  {
    "id": 17611,
    "name": "Filete de Rape congelado EXKIMO",
    "description": "Filete de Rape congelado 360 Gr",
    "category": "Pescados y mariscos",
    "url": "https://tienda.consum.es/es/p/filete-de-rape-congelado/7303477",
    "price": 4.65,
    "reference_price": 12.92,
    "iva": 10,
    "reference_unit": "1 Kg",
    "date": "2023-01-17"
  },
  {
    "id": 17620,
    "name": "Espaguetis Integrales Ecológicos Paquete CONSUM ECO",
    "description": "Espaguetis Integrales Ecológicos Paquete 500 Gr",
    "category": "Macarrones, espaguetis y tallarines",
    "url": "https://tienda.consum.es/es/p/espaguetis-integrales-ecologicos-paquete/7290484",
    "price": 1.19,
    "reference_price": 2.38,
    "iva": 5,
    "reference_unit": "1 Kg",
    "date": "2023-01-17"
  },
  {
    "id": 17625,
    "name": "Caja Cartón Encina 1.6 kg FLAM UP",
    "description": "Caja Cartón Encina 1.6 kg 1 U",
    "category": "Barbacoa, piscina y playa",
    "url": "https://tienda.consum.es/es/p/caja-carton-encina-16-kg/7299035",
    "price": 4.95,
    "reference_price": 4.95,
    "iva": 5,
    "reference_unit": "1 U",
    "date": "2023-01-17"
  },
  {
    "id": 17629,
    "name": "Escalivada Bandeja LEYENDA",
    "description": "Escalivada Bandeja 260 Gr",
    "category": "Otros vegetales",
    "url": "https://tienda.consum.es/es/p/escalivada-bandeja/7302672",
    "price": 2.7,
    "reference_price": 10.38,
    "iva": 10,
    "reference_unit": "1 Kg",
    "date": "2023-01-17"
  },
  {
    "id": 17633,
    "name": "Hermetic Twist c/rosca 1000 ml Pack de 2 uds FRES-CO",
    "description": "Hermetic Twist c/rosca 1000 ml Pack de 2 uds 2 x 1 U",
    "category": "Conservación alimentos",
    "url": "https://tienda.consum.es/es/p/hermetic-twist-c/rosca-1000-ml-pack-de-2-uds/7303233",
    "price": 2.15,
    "reference_price": 1.08,
    "iva": 21,
    "reference_unit": "1 U",
    "date": "2023-01-17"
  },
  {
    "id": 17639,
    "name": "Yogur Griego Oikos con Manzana - Canela DANONE",
    "description": "Yogur Griego Oikos con Manzana - Canela 2 x 110 Gr",
    "category": "Cremosos y enriquecidos",
    "url": "https://tienda.consum.es/es/p/yogur-griego-oikos-con-manzana---canela/7303480",
    "price": 1.69,
    "reference_price": 7.68,
    "iva": 10,
    "reference_unit": "1 Kg",
    "date": "2023-01-17"
  },
  {
    "id": 17640,
    "name": "Yogur Griego Oikos con Caramelo P-2 ud DANONE",
    "description": "Yogur Griego Oikos con Caramelo P-2 ud 2 x 110 Gr",
    "category": "Cremosos y enriquecidos",
    "url": "https://tienda.consum.es/es/p/yogur-griego-oikos-con-caramelo-p-2-ud/7303485",
    "price": 1.69,
    "reference_price": 7.68,
    "iva": 10,
    "reference_unit": "1 Kg",
    "date": "2023-01-17"
  },
  {
    "id": 17647,
    "name": "Yogur Griego Oikos Natural Pack 4 Unidades DANONE",
    "description": "Yogur Griego Oikos Natural Pack 4 Unidades 4 x 110 Gr",
    "category": "Cremosos y enriquecidos",
    "url": "https://tienda.consum.es/es/p/yogur-griego-oikos-natural-pack-4-unidades/7303522",
    "price": 2.69,
    "reference_price": 6.11,
    "iva": 10,
    "reference_unit": "1 Kg",
    "date": "2023-01-17"
  },
  {
    "id": 17648,
    "name": "Yogur Griego Oikos Natural Azucarado DANONE",
    "description": "Yogur Griego Oikos Natural Azucarado 4 x 110 Gr",
    "category": "Cremosos y enriquecidos",
    "url": "https://tienda.consum.es/es/p/yogur-griego-oikos-natural-azucarado/7303527",
    "price": 2.69,
    "reference_price": 6.11,
    "iva": 10,
    "reference_unit": "1 Kg",
    "date": "2023-01-17"
  },
  {
    "id": 17651,
    "name": "Cepillo Ropa MAYA",
    "description": "Cepillo Ropa 1 U",
    "category": "Útiles de limpieza",
    "url": "https://tienda.consum.es/es/p/cepillo-ropa/7303584",
    "price": 1.99,
    "reference_price": 1.99,
    "iva": 21,
    "reference_unit": "1 U",
    "date": "2023-01-17"
  },
  {
    "id": 17652,
    "name": "Barra de Pan Masa Madre ",
    "description": "Barra de Pan Masa Madre 235 Gr",
    "category": "Pan de horno",
    "url": "https://tienda.consum.es/es/p/barra-de-pan-masa-madre/7303899",
    "price": 0.66,
    "reference_price": 2.81,
    "iva": 0,
    "reference_unit": "1 Kg",
    "date": "2023-01-17"
  },
  {
    "id": 17655,
    "name": "Pan Rebanado con Alto Contenido en Proteinas ",
    "description": "Pan Rebanado con Alto Contenido en Proteinas 300 Gr",
    "category": "Pan de molde y rebanado",
    "url": "https://tienda.consum.es/es/p/pan-rebanado-con-alto-contenido-en-proteinas/7304629",
    "price": 1.89,
    "reference_price": 6.3,
    "iva": 10,
    "reference_unit": "1 Kg",
    "date": "2023-01-17"
  },
  {
    "id": 17657,
    "name": "Tomate Rama Mini Ecológico ",
    "description": "Tomate Rama Mini Ecológico 250 Gr",
    "category": "Pepinos, tomates y pimientos",
    "url": "https://tienda.consum.es/es/p/tomate-rama-mini-ecologico/7304645",
    "price": 1.91,
    "reference_price": 7.64,
    "iva": 0,
    "reference_unit": "1 Kg",
    "date": "2023-01-17"
  },
  {
    "id": 17659,
    "name": "Macarrones Integrales Ecológicos Paquete CONSUM ECO",
    "description": "Macarrones Integrales Ecológicos Paquete 500 Gr",
    "category": "Macarrones, espaguetis y tallarines",
    "url": "https://tienda.consum.es/es/p/macarrones-integrales-ecologicos-paquete/7290489",
    "price": 1.19,
    "reference_price": 2.38,
    "iva": 5,
    "reference_unit": "1 Kg",
    "date": "2023-01-17"
  },
  {
    "id": 17660,
    "name": "Leche Entera Ecológica CONSUM ECO",
    "description": "Leche Entera Ecológica 1 L",
    "category": "Leches especiales",
    "url": "https://tienda.consum.es/es/p/leche-entera-ecologica/7290901",
    "price": 1.23,
    "reference_price": 1.23,
    "iva": 0,
    "reference_unit": "1 L",
    "date": "2023-01-17"
  },
  {
    "id": 17661,
    "name": "Leche Semidesnatada Ecológica CONSUM ECO",
    "description": "Leche Semidesnatada Ecológica 1 L",
    "category": "Leches especiales",
    "url": "https://tienda.consum.es/es/p/leche-semidesnatada-ecologica/7290914",
    "price": 1.23,
    "reference_price": 1.23,
    "iva": 0,
    "reference_unit": "1 L",
    "date": "2023-01-17"
  },
  {
    "id": 17662,
    "name": "Detergente Caps Eco CONSUM ECO",
    "description": "Detergente Caps Eco 20 Lv",
    "category": "Máquina pastilla",
    "url": "https://tienda.consum.es/es/p/detergente-caps-eco/7295355",
    "price": 4.99,
    "reference_price": 0.25,
    "iva": 21,
    "reference_unit": "1 Lv",
    "date": "2023-01-17"
  },
  {
    "id": 17665,
    "name": "Crema de Cacao 0% Azúcar NOCILLA",
    "description": "Crema de Cacao 0% Azúcar 180 Gr",
    "category": "Cremas de desayuno",
    "url": "https://tienda.consum.es/es/p/crema-de-cacao-0-azucar/7303287",
    "price": 2.55,
    "reference_price": 14.17,
    "iva": 10,
    "reference_unit": "1 Kg",
    "date": "2023-01-17"
  },
  {
    "id": 17666,
    "name": "Bolitas de Carne Cerdo y Ternera CONSUM",
    "description": "Bolitas de Carne Cerdo y Ternera 225 Gr",
    "category": "Picadas y hamburguesas",
    "url": "https://tienda.consum.es/es/p/bolitas-de-carne-cerdo-y-ternera/7303436",
    "price": 2.75,
    "reference_price": 12.22,
    "iva": 10,
    "reference_unit": "1 Kg",
    "date": "2023-01-17"
  },
  {
    "id": 17668,
    "name": "Queso Burgo de Arias Cabra ARIAS",
    "description": "Queso Burgo de Arias Cabra 3 x 70 Gr",
    "category": "Frescos y para ensaladas",
    "url": "https://tienda.consum.es/es/p/queso-burgo-de-arias-cabra/7303790",
    "price": 3.74,
    "reference_price": 17.81,
    "iva": 0,
    "reference_unit": "1 Kg",
    "date": "2023-01-17"
  },
  {
    "id": 17673,
    "name": "Galleta Bio Organic con Choco Chips GULLON",
    "description": "Galleta Bio Organic con Choco Chips 250 Gr",
    "category": "Desayuno y maría",
    "url": "https://tienda.consum.es/es/p/galleta-bio-organic-con-choco-chips/7304087",
    "price": 3.19,
    "reference_price": 12.76,
    "iva": 10,
    "reference_unit": "1 Kg",
    "date": "2023-01-17"
  },
  {
    "id": 17674,
    "name": "Alubia Cocida Origen 100% Nacional LUENGO",
    "description": "Alubia Cocida Origen 100% Nacional 400 Gr",
    "category": "Alubias",
    "url": "https://tienda.consum.es/es/p/alubia-cocida-origen-100-nacional/7304207",
    "price": 1.5,
    "reference_price": 3.75,
    "iva": 10,
    "reference_unit": "1 Kg",
    "date": "2023-01-17"
  },
  {
    "id": 17675,
    "name": "Ñora Molida Tarro SABATER",
    "description": "Ñora Molida Tarro 30 Gr",
    "category": "Especias",
    "url": "https://tienda.consum.es/es/p/nora-molida-tarro/7304228",
    "price": 2.15,
    "reference_price": 7.17,
    "iva": 10,
    "reference_unit": "100 Gr",
    "date": "2023-01-17"
  },
  {
    "id": 17682,
    "name": "Mini Integral 50% y Semillas 4 Unidades ",
    "description": "Mini Integral 50% y Semillas 4 Unidades 280 Gr",
    "category": "Pan de horno",
    "url": "https://tienda.consum.es/es/p/mini-integral-50-y-semillas-4-unidades/7305498",
    "price": 1.65,
    "reference_price": 5.89,
    "iva": 10,
    "reference_unit": "1 Kg",
    "date": "2023-01-17"
  },
  {
    "id": 17684,
    "name": "Lenteja Cocida Ecológica CONSUM ECO",
    "description": "Lenteja Cocida Ecológica 400 Gr",
    "category": "Arroz, pastas, legumbres",
    "url": "https://tienda.consum.es/es/p/lenteja-cocida-ecologica/7298537",
    "price": 2.15,
    "reference_price": 5.38,
    "iva": 10,
    "reference_unit": "1 Kg",
    "date": "2023-01-17"
  },
  {
    "id": 17685,
    "name": "Garbanzo Cocido Ecológico CONSUM ECO",
    "description": "Garbanzo Cocido Ecológico 400 Gr",
    "category": "Arroz, pastas, legumbres",
    "url": "https://tienda.consum.es/es/p/garbanzo-cocido-ecologico/7298540",
    "price": 2.15,
    "reference_price": 5.38,
    "iva": 10,
    "reference_unit": "1 Kg",
    "date": "2023-01-17"
  },
  {
    "id": 17686,
    "name": "Alubia Cocida Ecológica CONSUM ECO",
    "description": "Alubia Cocida Ecológica 400 Gr",
    "category": "Arroz, pastas, legumbres",
    "url": "https://tienda.consum.es/es/p/alubia-cocida-ecologica/7298545",
    "price": 2.15,
    "reference_price": 5.38,
    "iva": 10,
    "reference_unit": "1 Kg",
    "date": "2023-01-17"
  },
  {
    "id": 17703,
    "name": "Empanadilla de Pollo y Champiñón 1 Unidad ",
    "description": "Empanadilla de Pollo y Champiñón 1 Unidad 110 Gr",
    "category": "Empanadillas",
    "url": "https://tienda.consum.es/es/p/empanadilla-de-pollo-y-champinon-1-unidad/7304082",
    "price": 1.25,
    "reference_price": 11.36,
    "iva": 10,
    "reference_unit": "1 Kg",
    "date": "2023-01-17"
  },
  {
    "id": 17704,
    "name": "Café Espresso Onyx Cápsulas L'OR",
    "description": "Café Espresso Onyx Cápsulas 10 U",
    "category": "Café en cápsulas",
    "url": "https://tienda.consum.es/es/p/cafe-espresso-onyx-capsulas/7304116",
    "price": 3.95,
    "reference_price": 0.4,
    "iva": 10,
    "reference_unit": "1 U",
    "date": "2023-01-17"
  },
  {
    "id": 17705,
    "name": "Lenteja Cocida Origen Frasco LUENGO",
    "description": "Lenteja Cocida Origen Frasco 400 Gr",
    "category": "Lentejas",
    "url": "https://tienda.consum.es/es/p/lenteja-cocida-origen-frasco/7304210",
    "price": 1.5,
    "reference_price": 3.75,
    "iva": 10,
    "reference_unit": "1 Kg",
    "date": "2023-01-17"
  },
  {
    "id": 17706,
    "name": "Ñoras Secas Caja SABATER",
    "description": "Ñoras Secas Caja 20 Gr",
    "category": "Especias",
    "url": "https://tienda.consum.es/es/p/noras-secas-caja/7304215",
    "price": 1.35,
    "reference_price": 6.75,
    "iva": 10,
    "reference_unit": "100 Gr",
    "date": "2023-01-17"
  },
  {
    "id": 17707,
    "name": "Pirulo Mikolápiz Pack de 5 Unidades NESTLE",
    "description": "Pirulo Mikolápiz Pack de 5 Unidades 250 Gr",
    "category": "Polos",
    "url": "https://tienda.consum.es/es/p/pirulo-mikolapiz-pack-de-5-unidades/7304251",
    "price": 4.59,
    "reference_price": 18.36,
    "iva": 10,
    "reference_unit": "1 Kg",
    "date": "2023-01-17"
  },
  {
    "id": 17708,
    "name": "Champú Repara Argán HERBAL ESSEN",
    "description": "Champú Repara Argán 400 ml",
    "category": "Champú",
    "url": "https://tienda.consum.es/es/p/champu-repara-argan/7304256",
    "price": 4.99,
    "reference_price": 1.25,
    "iva": 21,
    "reference_unit": "100 ml",
    "date": "2023-01-17"
  },
  {
    "id": 17709,
    "name": "Champú Hidrata Leche Coco HERBAL ESSEN",
    "description": "Champú Hidrata Leche Coco 400 ml",
    "category": "Champú",
    "url": "https://tienda.consum.es/es/p/champu-hidrata-leche-coco/7304285",
    "price": 4.99,
    "reference_price": 1.25,
    "iva": 21,
    "reference_unit": "100 ml",
    "date": "2023-01-17"
  },
  {
    "id": 17716,
    "name": "Cerveza Tostada Lata ADLERBRAU",
    "description": "Cerveza Tostada Lata 0,33 L",
    "category": "Especialidades",
    "url": "https://tienda.consum.es/es/p/cerveza-tostada-lata/7305097",
    "price": 0.46,
    "reference_price": 1.39,
    "iva": 21,
    "reference_unit": "1 L",
    "date": "2023-01-17"
  },
  {
    "id": 17717,
    "name": "Cerveza 0,0% Pack 6 botellas ADLERBRAU",
    "description": "Cerveza 0,0% Pack 6 botellas 6 x 0,25 L",
    "category": "0, 0 y 0, 9",
    "url": "https://tienda.consum.es/es/p/cerveza-00-pack-6-botellas/7305139",
    "price": 2.1,
    "reference_price": 1.4,
    "iva": 21,
    "reference_unit": "1 L",
    "date": "2023-01-17"
  },
  {
    "id": 17724,
    "name": "Preparado para Tortitas ROYAL",
    "description": "Preparado para Tortitas 120 Gr",
    "category": "Repostería para preparar",
    "url": "https://tienda.consum.es/es/p/preparado-para-tortitas/7305514",
    "price": 1.25,
    "reference_price": 10.42,
    "iva": 10,
    "reference_unit": "1 Kg",
    "date": "2023-01-17"
  },
  {
    "id": 17728,
    "name": "Pasta Fresca Rellena Jamón y Queso RANA",
    "description": "Pasta Fresca Rellena Jamón y Queso 250 Gr",
    "category": "Pasta fresca",
    "url": "https://tienda.consum.es/es/p/pasta-fresca-rellena-jamon-y-queso/7178064",
    "price": 3.29,
    "reference_price": 13.16,
    "iva": 5,
    "reference_unit": "1 Kg",
    "date": "2023-01-17"
  },
  {
    "id": 17729,
    "name": "Pechuga de Pavo con Toque Braseado CAMPOFRÍO",
    "description": "Pechuga de Pavo con Toque Braseado",
    "category": "Fiambres ave",
    "url": "https://tienda.consum.es/es/p/pechuga-de-pavo-con-toque-braseado/7200665",
    "price": 12.99,
    "reference_price": 12.99,
    "iva": 10,
    "reference_unit": "1 Kg",
    "date": "2023-01-17"
  },
  {
    "id": 17730,
    "name": "Friegasuelos Eco CONSUM ECO",
    "description": "Friegasuelos Eco 1,5 L",
    "category": "Limpieza hogar",
    "url": "https://tienda.consum.es/es/p/friegasuelos-eco/7295363",
    "price": 1.65,
    "reference_price": 1.1,
    "iva": 21,
    "reference_unit": "1 L",
    "date": "2023-01-17"
  },
  {
    "id": 17731,
    "name": "Crepes CREAPAN",
    "description": "Crepes 405 Gr",
    "category": "Bollería industrial",
    "url": "https://tienda.consum.es/es/p/crepes/7301831",
    "price": 2.29,
    "reference_price": 5.65,
    "iva": 10,
    "reference_unit": "1 Kg",
    "date": "2023-01-17"
  },
  {
    "id": 17732,
    "name": "Toallitas limpia salpicaderos MIAUTO",
    "description": "Toallitas limpia salpicaderos 20 U",
    "category": "Otros limpiadores específicos",
    "url": "https://tienda.consum.es/es/p/toallitas-limpia-salpicaderos/7303068",
    "price": 1.19,
    "reference_price": 0.06,
    "iva": 21,
    "reference_unit": "1 U",
    "date": "2023-01-17"
  },
  {
    "id": 17734,
    "name": "Tomate Frito Casero Frasco SOLIS",
    "description": "Tomate Frito Casero Frasco 550 Gr",
    "category": "Tomate",
    "url": "https://tienda.consum.es/es/p/tomate-frito-casero-frasco/7303670",
    "price": 2.25,
    "reference_price": 4.09,
    "iva": 10,
    "reference_unit": "1 Kg",
    "date": "2023-01-17"
  },
  {
    "id": 17737,
    "name": "Atún Claro en Aceite de Oliva CAMPOS",
    "description": "Atún Claro en Aceite de Oliva 650 Gr",
    "category": "Atún y bonito",
    "url": "https://tienda.consum.es/es/p/atun-claro-en-aceite-de-oliva/7303993",
    "price": 9.9,
    "reference_price": 15.23,
    "iva": 10,
    "reference_unit": "1 Kg",
    "date": "2023-01-17"
  },
  {
    "id": 17739,
    "name": "Café Espresso Colombia Cápsulas L'OR",
    "description": "Café Espresso Colombia Cápsulas 10 U",
    "category": "Café en cápsulas",
    "url": "https://tienda.consum.es/es/p/cafe-espresso-colombia-capsulas/7304111",
    "price": 3.95,
    "reference_price": 0.4,
    "iva": 10,
    "reference_unit": "1 U",
    "date": "2023-01-17"
  },
  {
    "id": 17747,
    "name": "Pinchos de Pollo al Pimentón CONSUM",
    "description": "Pinchos de Pollo al Pimentón 320 Gr",
    "category": "Aves y conejo",
    "url": "https://tienda.consum.es/es/p/pinchos-de-pollo-al-pimenton/7304587",
    "price": 3.35,
    "reference_price": 10.47,
    "iva": 10,
    "reference_unit": "1 Kg",
    "date": "2023-01-17"
  },
  {
    "id": 17758,
    "name": "Mascarilla Pelo Largo Dañado ELVIVE",
    "description": "Mascarilla Pelo Largo Dañado 300 ml",
    "category": "Mascarillas cabello",
    "url": "https://tienda.consum.es/es/p/mascarilla-pelo-largo-danado/7305134",
    "price": 4,
    "reference_price": 1.33,
    "iva": 21,
    "reference_unit": "100 ml",
    "date": "2023-01-17"
  },
  {
    "id": 17760,
    "name": "Chocolate 90% Cacao Excellence LINDT",
    "description": "Chocolate 90% Cacao Excellence 100 Gr",
    "category": "Tabletas",
    "url": "https://tienda.consum.es/es/p/chocolate-90-cacao-excellence/7305159",
    "price": 2.99,
    "reference_price": 29.9,
    "iva": 10,
    "reference_unit": "1 Kg",
    "date": "2023-01-17"
  },
  {
    "id": 17761,
    "name": "Champú Pelo Largo Dañado ELVIVE",
    "description": "Champú Pelo Largo Dañado 370 ml",
    "category": "Cabello normal",
    "url": "https://tienda.consum.es/es/p/champu-pelo-largo-danado/7305175",
    "price": 3.89,
    "reference_price": 1.05,
    "iva": 21,
    "reference_unit": "100 ml",
    "date": "2023-01-17"
  },
  {
    "id": 17762,
    "name": "Crema Aceto Balsámico Di Modena FERRARINI",
    "description": "Crema Aceto Balsámico Di Modena 250 ml",
    "category": "Vinagre",
    "url": "https://tienda.consum.es/es/p/crema-aceto-balsamico-di-modena/7305183",
    "price": 3.15,
    "reference_price": 12.6,
    "iva": 10,
    "reference_unit": "1 L",
    "date": "2023-01-17"
  },
  {
    "id": 17763,
    "name": "Champú Hidratante Cabello Normal FRUCTIS",
    "description": "Champú Hidratante Cabello Normal 360 ml",
    "category": "Champú",
    "url": "https://tienda.consum.es/es/p/champu-hidratante-cabello-normal/7305188",
    "price": 3.85,
    "reference_price": 1.07,
    "iva": 21,
    "reference_unit": "100 ml",
    "date": "2023-01-17"
  },
  {
    "id": 17773,
    "name": "Fideos de Colores MOLINO REAL",
    "description": "Fideos de Colores 60 Gr",
    "category": "Repostería para preparar",
    "url": "https://tienda.consum.es/es/p/fideos-de-colores/7305456",
    "price": 1.09,
    "reference_price": 18.17,
    "iva": 10,
    "reference_unit": "1 Kg",
    "date": "2023-01-17"
  },
  {
    "id": 17774,
    "name": "Néctar Maracuyá Sin Azúcar Añadido Brik JUVER",
    "description": "Néctar Maracuyá Sin Azúcar Añadido Brik 1 L",
    "category": "Zumos y néctares sin azúcar",
    "url": "https://tienda.consum.es/es/p/nectar-maracuya-sin-azucar-anadido-brik/7305519",
    "price": 1.69,
    "reference_price": 1.69,
    "iva": 21,
    "reference_unit": "1 L",
    "date": "2023-01-17"
  },
  {
    "id": 17775,
    "name": "Fideos de Chocolate MOLINO REAL",
    "description": "Fideos de Chocolate 55 Gr",
    "category": "Repostería para preparar",
    "url": "https://tienda.consum.es/es/p/fideos-de-chocolate/7305522",
    "price": 1.09,
    "reference_price": 19.82,
    "iva": 10,
    "reference_unit": "1 Kg",
    "date": "2023-01-17"
  },
  {
    "id": 17776,
    "name": "Frosties KELLOGG'S",
    "description": "Frosties 450 Gr",
    "category": "Cereales",
    "url": "https://tienda.consum.es/es/p/frosties/7305530",
    "price": 3.69,
    "reference_price": 8.2,
    "iva": 10,
    "reference_unit": "1 Kg",
    "date": "2023-01-17"
  },
  {
    "id": 17777,
    "name": "Carne Pimiento Choricero Frasco LEYENDA",
    "description": "Carne Pimiento Choricero Frasco 180 Gr",
    "category": "Pimiento",
    "url": "https://tienda.consum.es/es/p/carne-pimiento-choricero-frasco/7305584",
    "price": 1.99,
    "reference_price": 11.06,
    "iva": 10,
    "reference_unit": "1 Kg",
    "date": "2023-01-17"
  },
  {
    "id": 17779,
    "name": "Dentífrico Blancura Revitalizante ORAL B",
    "description": "Dentífrico Blancura Revitalizante 75 ml",
    "category": "Dentífricos",
    "url": "https://tienda.consum.es/es/p/dentifrico-blancura-revitalizante/7305642",
    "price": 3.49,
    "reference_price": 4.65,
    "iva": 21,
    "reference_unit": "100 ml",
    "date": "2023-01-17"
  },
  {
    "id": 17784,
    "name": "Cornetto Clássico Pack de 6 Unidades FRIGO",
    "description": "Cornetto Clássico Pack de 6 Unidades 360 Gr",
    "category": "Conos",
    "url": "https://tienda.consum.es/es/p/cornetto-classico-pack-de-6-unidades/7306470",
    "price": 4.69,
    "reference_price": 13.03,
    "iva": 10,
    "reference_unit": "1 Kg",
    "date": "2023-01-17"
  },
  {
    "id": 17785,
    "name": "Ensalada Cesar Light FLORETTE",
    "description": "Ensalada Cesar Light 205 Gr",
    "category": "Ensaladas preparadas y guacamole",
    "url": "https://tienda.consum.es/es/p/ensalada-cesar-light/7306616",
    "price": 3.3,
    "reference_price": 16.1,
    "iva": 10,
    "reference_unit": "1 Kg",
    "date": "2023-01-17"
  },
  {
    "id": 17786,
    "name": "Espárrago Grueso ",
    "description": "Espárrago Grueso 300 Gr",
    "category": "Espárragos",
    "url": "https://tienda.consum.es/es/p/esparrago-grueso/7306629",
    "price": 3.36,
    "reference_price": 11.2,
    "iva": 0,
    "reference_unit": "1 Kg",
    "date": "2023-01-17"
  },
  {
    "id": 17787,
    "name": "Costilla de Cerdo ",
    "description": "Costilla de Cerdo",
    "category": "Cerdo",
    "url": "https://tienda.consum.es/es/p/costilla-de-cerdo/3167954",
    "price": 2.18,
    "reference_price": 7.27,
    "iva": 10,
    "reference_unit": "1 Kg",
    "date": "2023-01-17"
  },
  {
    "id": 17796,
    "name": "Champú Volumen Pomelo & Menta HERBAL ESSEN",
    "description": "Champú Volumen Pomelo & Menta 400 ml",
    "category": "Champú",
    "url": "https://tienda.consum.es/es/p/champu-volumen-pomelo-menta/7306025",
    "price": 4.99,
    "reference_price": 1.25,
    "iva": 21,
    "reference_unit": "100 ml",
    "date": "2023-01-17"
  },
  {
    "id": 17798,
    "name": "Bebida de Almendras Sin Azúcar Brik CONSUM",
    "description": "Bebida de Almendras Sin Azúcar Brik 1 L",
    "category": "Bebidas vegetales",
    "url": "https://tienda.consum.es/es/p/bebida-de-almendras-sin-azucar-brik/7288405",
    "price": 1.45,
    "reference_price": 1.45,
    "iva": 10,
    "reference_unit": "1 L",
    "date": "2023-01-17"
  },
  {
    "id": 17801,
    "name": "Diadema Señora PONETTE",
    "description": "Diadema Señora 1 U",
    "category": "Peines y accesorios",
    "url": "https://tienda.consum.es/es/p/diadema-senora/7300429",
    "price": 1.99,
    "reference_price": 1.99,
    "iva": 21,
    "reference_unit": "1 U",
    "date": "2023-01-17"
  },
  {
    "id": 17802,
    "name": "Raticida Cebo Fresco CUCHOL",
    "description": "Raticida Cebo Fresco 150 Gr",
    "category": "Otros insecticidas",
    "url": "https://tienda.consum.es/es/p/raticida-cebo-fresco/7302698",
    "price": 2.6,
    "reference_price": 17.33,
    "iva": 21,
    "reference_unit": "1 Kg",
    "date": "2023-01-17"
  },
  {
    "id": 17808,
    "name": "Colonia Mujer Vaporizador AZUR DE PUIG",
    "description": "Colonia Mujer Vaporizador 200 ml",
    "category": "Femeninas",
    "url": "https://tienda.consum.es/es/p/colonia-mujer-vaporizador/7304421",
    "price": 7.5,
    "reference_price": 3.75,
    "iva": 21,
    "reference_unit": "100 ml",
    "date": "2023-01-17"
  },
  {
    "id": 17811,
    "name": "Confitura de Fresa HERO",
    "description": "Confitura de Fresa 330 Gr",
    "category": "Mermeladas y confituras",
    "url": "https://tienda.consum.es/es/p/confitura-de-fresa/7305204",
    "price": 1.95,
    "reference_price": 5.91,
    "iva": 10,
    "reference_unit": "1 Kg",
    "date": "2023-01-17"
  },
  {
    "id": 17815,
    "name": "Callos a la Madrileña Lata LITORAL",
    "description": "Callos a la Madrileña Lata 380 Gr",
    "category": "Conservas",
    "url": "https://tienda.consum.es/es/p/callos-a-la-madrilena-lata/7305378",
    "price": 3.75,
    "reference_price": 10.14,
    "iva": 10,
    "reference_unit": "1 Kg",
    "date": "2023-01-17"
  },
  {
    "id": 17823,
    "name": "Espinaca Maxi Bolsa FLORETTE",
    "description": "Espinaca Maxi Bolsa 450 Gr",
    "category": "Otras verduras",
    "url": "https://tienda.consum.es/es/p/espinaca-maxi-bolsa/7306637",
    "price": 2.36,
    "reference_price": 5.24,
    "iva": 0,
    "reference_unit": "1 Kg",
    "date": "2023-01-17"
  },
  {
    "id": 17826,
    "name": "Judía Ferraura ",
    "description": "Judía Ferraura 200 Gr",
    "category": "Guisantes, habas y judías",
    "url": "https://tienda.consum.es/es/p/judia-ferraura/7307015",
    "price": 2.88,
    "reference_price": 14.4,
    "iva": 0,
    "reference_unit": "1 Kg",
    "date": "2023-01-17"
  },
  {
    "id": 17833,
    "name": "Fideos Integrales Eco Cabellín Paquete CONSUM ECO",
    "description": "Fideos Integrales Eco Cabellín Paquete 500 Gr",
    "category": "Pastas",
    "url": "https://tienda.consum.es/es/p/fideos-integrales-eco-cabellin-paquete/7299741",
    "price": 1.19,
    "reference_price": 2.38,
    "iva": 5,
    "reference_unit": "1 Kg",
    "date": "2023-01-17"
  },
  {
    "id": 17834,
    "name": "Guisantes Medianos Lata Pack de 3 CONSUM",
    "description": "Guisantes Medianos Lata Pack de 3 3 x 130 Gr",
    "category": "Guisantes",
    "url": "https://tienda.consum.es/es/p/guisantes-medianos-lata-pack-de-3/7301711",
    "price": 2.05,
    "reference_price": 5.26,
    "iva": 10,
    "reference_unit": "1 Kg",
    "date": "2023-01-17"
  },
  {
    "id": 17835,
    "name": "Risotto Funghi congelado CONSUM",
    "description": "Risotto Funghi congelado 300 Gr",
    "category": "Carne, verduras y otros",
    "url": "https://tienda.consum.es/es/p/risotto-funghi-congelado/7302078",
    "price": 1.15,
    "reference_price": 3.83,
    "iva": 10,
    "reference_unit": "1 Kg",
    "date": "2023-01-17"
  },
  {
    "id": 17857,
    "name": "Colonia Hombre DON ALGODON",
    "description": "Colonia Hombre 200 ml",
    "category": "Masculinas",
    "url": "https://tienda.consum.es/es/p/colonia-hombre/7304405",
    "price": 12.9,
    "reference_price": 6.45,
    "iva": 21,
    "reference_unit": "100 ml",
    "date": "2023-01-17"
  },
  {
    "id": 17859,
    "name": "Mascarilla Peel Off carbón ACTY MASK",
    "description": "Mascarilla Peel Off carbón 1 U",
    "category": "Tratamiento",
    "url": "https://tienda.consum.es/es/p/mascarilla-peel-off-carbon/7304566",
    "price": 1.35,
    "reference_price": 1.35,
    "iva": 21,
    "reference_unit": "1 U",
    "date": "2023-01-17"
  },
  {
    "id": 17860,
    "name": "Gel Solar Spray Protección 50 BELLA AURORA",
    "description": "Gel Solar Spray Protección 50 50 ml",
    "category": "Hidratación",
    "url": "https://tienda.consum.es/es/p/gel-solar-spray-proteccion-50/7305100",
    "price": 17.9,
    "reference_price": 35.8,
    "iva": 21,
    "reference_unit": "100 ml",
    "date": "2023-01-17"
  },
  {
    "id": 17863,
    "name": "Aceto Balsámico Di Módena FERRARINI",
    "description": "Aceto Balsámico Di Módena 250 ml",
    "category": "Vinagre",
    "url": "https://tienda.consum.es/es/p/aceto-balsamico-di-modena/7305162",
    "price": 2.15,
    "reference_price": 8.6,
    "iva": 10,
    "reference_unit": "1 L",
    "date": "2023-01-17"
  },
  {
    "id": 17869,
    "name": "Baguette Sin Gluten SCHÄR",
    "description": "Baguette Sin Gluten 175 Gr",
    "category": "Panes especiales",
    "url": "https://tienda.consum.es/es/p/baguette-sin-gluten/7305535",
    "price": 2.01,
    "reference_price": 11.49,
    "iva": 0,
    "reference_unit": "1 Kg",
    "date": "2023-01-17"
  },
  {
    "id": 17871,
    "name": "Cider Manzana L.MANZANAS",
    "description": "Cider Manzana 0,25 L",
    "category": "Cervezas",
    "url": "https://tienda.consum.es/es/p/cider-manzana/7305597",
    "price": 1,
    "reference_price": 4,
    "iva": 21,
    "reference_unit": "1 L",
    "date": "2023-01-17"
  },
  {
    "id": 17872,
    "name": "Cider Red Berries L.MANZANAS",
    "description": "Cider Red Berries 0,25 L",
    "category": "Cervezas",
    "url": "https://tienda.consum.es/es/p/cider-red-berries/7305600",
    "price": 1,
    "reference_price": 4,
    "iva": 21,
    "reference_unit": "1 L",
    "date": "2023-01-17"
  },
  {
    "id": 17873,
    "name": "Comida Humeda Gatos Pollo GOURMET",
    "description": "Comida Humeda Gatos Pollo 85 Gr",
    "category": "Húmedo",
    "url": "https://tienda.consum.es/es/p/comida-humeda-gatos-pollo/7305717",
    "price": 0.77,
    "reference_price": 9.06,
    "iva": 10,
    "reference_unit": "1 Kg",
    "date": "2023-01-17"
  },
  {
    "id": 17874,
    "name": "Pastilla Jabón Almendras 3x90 PALMOLIVE",
    "description": "Pastilla Jabón Almendras 3x90 3 U",
    "category": "Jabón en pastillas",
    "url": "https://tienda.consum.es/es/p/pastilla-jabon-almendras-3x90/7305910",
    "price": 2.15,
    "reference_price": 0.72,
    "iva": 21,
    "reference_unit": "1 U",
    "date": "2023-01-17"
  },
  {
    "id": 17875,
    "name": "Patata Frita Viruta más Ketchup Tarrina ARGENTE",
    "description": "Patata Frita Viruta más Ketchup Tarrina 175 Gr",
    "category": "Patatas fritas",
    "url": "https://tienda.consum.es/es/p/patata-frita-viruta-mas-ketchup-tarrina/7306298",
    "price": 2.45,
    "reference_price": 14,
    "iva": 10,
    "reference_unit": "1 Kg",
    "date": "2023-01-17"
  },
  {
    "id": 17876,
    "name": "Edamame Lata Pack de 2 BONDUELLE",
    "description": "Edamame Lata Pack de 2 2 x 65 Gr",
    "category": "Otros vegetales",
    "url": "https://tienda.consum.es/es/p/edamame-lata-pack-de-2/7306723",
    "price": 2.19,
    "reference_price": 16.85,
    "iva": 10,
    "reference_unit": "1 Kg",
    "date": "2023-01-17"
  },
  {
    "id": 17878,
    "name": "Ginebra Cítrica PREMIUM 38",
    "description": "Ginebra Cítrica 0,7 L",
    "category": "Licores y vermouth",
    "url": "https://tienda.consum.es/es/p/ginebra-citrica/7306913",
    "price": 6.99,
    "reference_price": 9.99,
    "iva": 21,
    "reference_unit": "1 L",
    "date": "2023-01-17"
  },
  {
    "id": 17880,
    "name": "Piña Colada CALIBRE 38",
    "description": "Piña Colada 0,7 L",
    "category": "Licores y vermouth",
    "url": "https://tienda.consum.es/es/p/pina-colada/7307234",
    "price": 5.49,
    "reference_price": 7.84,
    "iva": 21,
    "reference_unit": "1 L",
    "date": "2023-01-17"
  },
  {
    "id": 17885,
    "name": "Gorro de Ducha PONETTE",
    "description": "Gorro de Ducha 1 U",
    "category": "Peines y accesorios",
    "url": "https://tienda.consum.es/es/p/gorro-de-ducha/7300478",
    "price": 2.55,
    "reference_price": 2.55,
    "iva": 21,
    "reference_unit": "1 U",
    "date": "2023-01-17"
  },
  {
    "id": 17886,
    "name": "Maíz Dulce Lata Pack de 3 CONSUM",
    "description": "Maíz Dulce Lata Pack de 3 3 x 140 Gr",
    "category": "Maíz",
    "url": "https://tienda.consum.es/es/p/maiz-dulce-lata-pack-de-3/7301708",
    "price": 1.59,
    "reference_price": 3.79,
    "iva": 10,
    "reference_unit": "1 Kg",
    "date": "2023-01-17"
  },
  {
    "id": 17896,
    "name": "Bastoncillos Cosméticos BEL",
    "description": "Bastoncillos Cosméticos 1 U",
    "category": "Brochas, pinceles y esponjas",
    "url": "https://tienda.consum.es/es/p/bastoncillos-cosmeticos/7304561",
    "price": 1.35,
    "reference_price": 1.35,
    "iva": 21,
    "reference_unit": "1 U",
    "date": "2023-01-17"
  },
  {
    "id": 17904,
    "name": "Smacks Trigo Inflado KELLOGG'S",
    "description": "Smacks Trigo Inflado 450 Gr",
    "category": "Cereales",
    "url": "https://tienda.consum.es/es/p/smacks-trigo-inflado/7305527",
    "price": 3.69,
    "reference_price": 8.2,
    "iva": 10,
    "reference_unit": "1 Kg",
    "date": "2023-01-17"
  },
  {
    "id": 17905,
    "name": "Crema De Alicia Brick KNORR",
    "description": "Crema De Alicia Brick 500 ml",
    "category": "Cremas",
    "url": "https://tienda.consum.es/es/p/crema-de-alicia-brick/7305576",
    "price": 2.29,
    "reference_price": 4.58,
    "iva": 10,
    "reference_unit": "1 L",
    "date": "2023-01-17"
  },
  {
    "id": 17912,
    "name": "Copos de Maíz Tostado Ecológico ECOCESTA",
    "description": "Copos de Maíz Tostado Ecológico 400 Gr",
    "category": "Cereales",
    "url": "https://tienda.consum.es/es/p/copos-de-maiz-tostado-ecologico/7306702",
    "price": 3.59,
    "reference_price": 8.98,
    "iva": 10,
    "reference_unit": "1 Kg",
    "date": "2023-01-17"
  },
  {
    "id": 17913,
    "name": "Muesli de Frutas Ecológico ECOCESTA",
    "description": "Muesli de Frutas Ecológico 500 Gr",
    "category": "Cereales",
    "url": "https://tienda.consum.es/es/p/muesli-de-frutas-ecologico/7306710",
    "price": 3.29,
    "reference_price": 6.58,
    "iva": 10,
    "reference_unit": "1 Kg",
    "date": "2023-01-17"
  },
  {
    "id": 17921,
    "name": "Minibabybel Enrollado 5 Unidades MINIBABYBEL",
    "description": "Minibabybel Enrollado 5 Unidades 85 Gr",
    "category": "Bola, edam, gouda, maasdam",
    "url": "https://tienda.consum.es/es/p/minibabybel-enrollado-5-unidades/7307312",
    "price": 2.39,
    "reference_price": 28.12,
    "iva": 0,
    "reference_unit": "1 Kg",
    "date": "2023-01-17"
  },
  {
    "id": 17924,
    "name": "Piña Colada sin Alcohol CALIBRE 38",
    "description": "Piña Colada sin Alcohol 0,7 L",
    "category": "Licores y vermouth",
    "url": "https://tienda.consum.es/es/p/pina-colada-sin-alcohol/7307648",
    "price": 4,
    "reference_price": 5.71,
    "iva": 21,
    "reference_unit": "1 L",
    "date": "2023-01-17"
  },
  {
    "id": 17939,
    "name": "Confitura Melocotón HERO",
    "description": "Confitura Melocotón 330 Gr",
    "category": "Mermeladas y confituras",
    "url": "https://tienda.consum.es/es/p/confitura-melocoton/7305212",
    "price": 1.95,
    "reference_price": 5.91,
    "iva": 10,
    "reference_unit": "1 Kg",
    "date": "2023-01-17"
  },
  {
    "id": 17952,
    "name": "Pimiento Piquillo Tiras con Ajos Frasco CONSUM",
    "description": "Pimiento Piquillo Tiras con Ajos Frasco 225 Gr",
    "category": "Pimiento",
    "url": "https://tienda.consum.es/es/p/pimiento-piquillo-tiras-con-ajos-frasco/7306731",
    "price": 1,
    "reference_price": 4.44,
    "iva": 10,
    "reference_unit": "1 Kg",
    "date": "2023-01-17"
  },
  {
    "id": 17955,
    "name": "Nachos Ecológicos Bolsa ZANUY",
    "description": "Nachos Ecológicos Bolsa 125 Gr",
    "category": "Snacks y otros aperitivos",
    "url": "https://tienda.consum.es/es/p/nachos-ecologicos-bolsa/7307130",
    "price": 1.75,
    "reference_price": 14,
    "iva": 10,
    "reference_unit": "1 Kg",
    "date": "2023-01-17"
  },
  {
    "id": 17956,
    "name": "Champú Tesoros Miel ORIG.REMEDIS",
    "description": "Champú Tesoros Miel 300 ml",
    "category": "Champú",
    "url": "https://tienda.consum.es/es/p/champu-tesoros-miel/7307135",
    "price": 3.29,
    "reference_price": 1.1,
    "iva": 21,
    "reference_unit": "100 ml",
    "date": "2023-01-17"
  },
  {
    "id": 17957,
    "name": "Acondicionador Tesoros Miel ORIG.REMEDIS",
    "description": "Acondicionador Tesoros Miel 250 ml",
    "category": "Acondicionadores",
    "url": "https://tienda.consum.es/es/p/acondicionador-tesoros-miel/7307143",
    "price": 3.29,
    "reference_price": 1.32,
    "iva": 21,
    "reference_unit": "100 ml",
    "date": "2023-01-17"
  },
  {
    "id": 17958,
    "name": "Champú Arcilla Limón ORIG.REMEDIS",
    "description": "Champú Arcilla Limón 300 ml",
    "category": "Champú",
    "url": "https://tienda.consum.es/es/p/champu-arcilla-limon/7307148",
    "price": 3.29,
    "reference_price": 1.1,
    "iva": 21,
    "reference_unit": "100 ml",
    "date": "2023-01-17"
  },
  {
    "id": 17959,
    "name": "Champú Delicatesse ORIG.REMEDIS",
    "description": "Champú Delicatesse 300 ml",
    "category": "Champú",
    "url": "https://tienda.consum.es/es/p/champu-delicatesse/7307150",
    "price": 3.29,
    "reference_price": 1.1,
    "iva": 21,
    "reference_unit": "100 ml",
    "date": "2023-01-17"
  },
  {
    "id": 17960,
    "name": "Champú Oliva Mítica ORIG.REMEDIS",
    "description": "Champú Oliva Mítica 300 ml",
    "category": "Champú",
    "url": "https://tienda.consum.es/es/p/champu-oliva-mitica/7307163",
    "price": 3.29,
    "reference_price": 1.1,
    "iva": 21,
    "reference_unit": "100 ml",
    "date": "2023-01-17"
  },
  {
    "id": 17979,
    "name": "Blanquet Granel ",
    "description": "Blanquet Granel",
    "category": "Embutido",
    "url": "https://tienda.consum.es/es/p/blanquet-granel/7207710",
    "price": 0.38,
    "reference_price": 6.49,
    "iva": 10,
    "reference_unit": "1 Kg",
    "date": "2023-01-17"
  },
  {
    "id": 17984,
    "name": "Pastis LE CASTEUR",
    "description": "Pastis 1 L",
    "category": "Licores y vermouth",
    "url": "https://tienda.consum.es/es/p/pastis/7237910",
    "price": 7.49,
    "reference_price": 7.49,
    "iva": 21,
    "reference_unit": "1 L",
    "date": "2023-01-17"
  },
  {
    "id": 17998,
    "name": "Comida Húmeda Gatos Atún GOURMET",
    "description": "Comida Húmeda Gatos Atún 85 Gr",
    "category": "Húmedo",
    "url": "https://tienda.consum.es/es/p/comida-humeda-gatos-atun/7305709",
    "price": 0.77,
    "reference_price": 9.06,
    "iva": 10,
    "reference_unit": "1 Kg",
    "date": "2023-01-17"
  },
  {
    "id": 17999,
    "name": "Comida Húmeda Perros con Salsa CESAR",
    "description": "Comida Húmeda Perros con Salsa 4 x 100 Gr",
    "category": "Húmedo",
    "url": "https://tienda.consum.es/es/p/comida-humeda-perros-con-salsa/7305766",
    "price": 2.69,
    "reference_price": 6.73,
    "iva": 10,
    "reference_unit": "1 Kg",
    "date": "2023-01-17"
  },
  {
    "id": 18000,
    "name": "Mix Sabores de América Bolsa MISTERCORN",
    "description": "Mix Sabores de América Bolsa 180 Gr",
    "category": "Maíz tostado y cocktail",
    "url": "https://tienda.consum.es/es/p/mix-sabores-de-america-bolsa/7305829",
    "price": 2.39,
    "reference_price": 13.28,
    "iva": 10,
    "reference_unit": "1 Kg",
    "date": "2023-01-17"
  },
  {
    "id": 18004,
    "name": "Salvaslip Normal Fresh EVAX",
    "description": "Salvaslip Normal Fresh 20 U",
    "category": "Compresas y protegeslips",
    "url": "https://tienda.consum.es/es/p/salvaslip-normal-fresh/7306165",
    "price": 1.09,
    "reference_price": 0.05,
    "iva": 4,
    "reference_unit": "1 U",
    "date": "2023-01-17"
  },
  {
    "id": 18012,
    "name": "Medallón Solomillo Cerdo CONSUM",
    "description": "Medallón Solomillo Cerdo",
    "category": "Cerdo",
    "url": "https://tienda.consum.es/es/p/medallon-solomillo-cerdo/7307192",
    "price": 3.82,
    "reference_price": 10.9,
    "iva": 10,
    "reference_unit": "1 Kg",
    "date": "2023-01-17"
  },
  {
    "id": 18013,
    "name": "Costilla de Cerdo Al Ajillo LA COPE",
    "description": "Costilla de Cerdo Al Ajillo",
    "category": "Cerdo",
    "url": "https://tienda.consum.es/es/p/costilla-de-cerdo-al-ajillo/7307213",
    "price": 6.96,
    "reference_price": 9.89,
    "iva": 10,
    "reference_unit": "1 Kg",
    "date": "2023-01-17"
  },
  {
    "id": 18014,
    "name": "Costilla de Cerdo Adobada LA COPE",
    "description": "Costilla de Cerdo Adobada",
    "category": "Cerdo",
    "url": "https://tienda.consum.es/es/p/costilla-de-cerdo-adobada/7307221",
    "price": 6.96,
    "reference_price": 9.89,
    "iva": 10,
    "reference_unit": "1 Kg",
    "date": "2023-01-17"
  },
  {
    "id": 18015,
    "name": "Tortitas Arroz Chocolate Blanco y Frutos Rojos BICENTURY",
    "description": "Tortitas Arroz Chocolate Blanco y Frutos Rojos 184 Gr",
    "category": "Tortitas",
    "url": "https://tienda.consum.es/es/p/tortitas-arroz-chocolate-blanco-y-frutos-rojos/7307403",
    "price": 2.25,
    "reference_price": 17.05,
    "iva": 10,
    "reference_unit": "1 Kg",
    "date": "2023-01-17"
  },
  {
    "id": 18016,
    "name": "Tortitas Arroz Chocolate Con Trozos de Avellana BICENTURY",
    "description": "Tortitas Arroz Chocolate Con Trozos de Avellana 198 Gr",
    "category": "Tortitas",
    "url": "https://tienda.consum.es/es/p/tortitas-arroz-chocolate-con-trozos-de-avellana/7307411",
    "price": 2.25,
    "reference_price": 15.85,
    "iva": 10,
    "reference_unit": "1 Kg",
    "date": "2023-01-17"
  },
  {
    "id": 18019,
    "name": "Detergente Líquido Max ASEVI",
    "description": "Detergente Líquido Max 50 Lv",
    "category": "A máquina líquido",
    "url": "https://tienda.consum.es/es/p/detergente-liquido-max/7307643",
    "price": 6.29,
    "reference_price": 0.13,
    "iva": 21,
    "reference_unit": "1 Lv",
    "date": "2023-01-17"
  },
  {
    "id": 18037,
    "name": "Blíster Incienso Aroma Jazmín ROURA",
    "description": "Blíster Incienso Aroma Jazmín 1 U",
    "category": "Velas",
    "url": "https://tienda.consum.es/es/p/blister-incienso-aroma-jazmin/7308104",
    "price": 0.99,
    "reference_price": 0.99,
    "iva": 21,
    "reference_unit": "1 U",
    "date": "2023-01-17"
  },
  {
    "id": 18038,
    "name": "Soporte Incienso Madera ROURA",
    "description": "Soporte Incienso Madera 1 U",
    "category": "Velas",
    "url": "https://tienda.consum.es/es/p/soporte-incienso-madera/7308109",
    "price": 1.25,
    "reference_price": 1.25,
    "iva": 21,
    "reference_unit": "1 U",
    "date": "2023-01-17"
  },
  {
    "id": 18039,
    "name": "Vaso Satinado Perfumado Clean Linen ROURA",
    "description": "Vaso Satinado Perfumado Clean Linen 1 U",
    "category": "Velas",
    "url": "https://tienda.consum.es/es/p/vaso-satinado-perfumado-clean-linen/7308112",
    "price": 1.95,
    "reference_price": 1.95,
    "iva": 21,
    "reference_unit": "1 U",
    "date": "2023-01-17"
  },
  {
    "id": 18040,
    "name": "Vaso Satinado Perfumado Pink Flower ROURA",
    "description": "Vaso Satinado Perfumado Pink Flower 1 U",
    "category": "Velas",
    "url": "https://tienda.consum.es/es/p/vaso-satinado-perfumado-pink-flower/7308117",
    "price": 1.95,
    "reference_price": 1.95,
    "iva": 21,
    "reference_unit": "1 U",
    "date": "2023-01-17"
  },
  {
    "id": 18041,
    "name": "Conos de Maíz 3D's Sabor Queso y Bacon MATUTANO",
    "description": "Conos de Maíz 3D's Sabor Queso y Bacon 100 Gr",
    "category": "Snacks y otros aperitivos",
    "url": "https://tienda.consum.es/es/p/conos-de-maiz-3ds-sabor-queso-y-bacon/7308141",
    "price": 1.79,
    "reference_price": 17.9,
    "iva": 10,
    "reference_unit": "1 Kg",
    "date": "2023-01-17"
  },
  {
    "id": 18046,
    "name": "Empanadilla Vegetariana Tomate y Verduras ",
    "description": "Empanadilla Vegetariana Tomate y Verduras 105 Gr",
    "category": "Empanadillas",
    "url": "https://tienda.consum.es/es/p/empanadilla-vegetariana-tomate-y-verduras/7308302",
    "price": 1.25,
    "reference_price": 11.9,
    "iva": 10,
    "reference_unit": "1 Kg",
    "date": "2023-01-17"
  },
  {
    "id": 18050,
    "name": "Café Molido Expresso Descafeinado Natural CONSUM",
    "description": "Café Molido Expresso Descafeinado Natural 250 Gr",
    "category": "Café Molido natural",
    "url": "https://tienda.consum.es/es/p/cafe-molido-expresso-descafeinado-natural/7286649",
    "price": 2.3,
    "reference_price": 9.2,
    "iva": 10,
    "reference_unit": "1 Kg",
    "date": "2023-01-17"
  },
  {
    "id": 18051,
    "name": "Yogur Bífidus 00% con Melocotón P-4 ud. CONSUM",
    "description": "Yogur Bífidus 00% con Melocotón P-4 ud. 4 x 125 Gr",
    "category": "Bífidus",
    "url": "https://tienda.consum.es/es/p/yogur-bifidus-00-con-melocoton-p-4-ud/7294627",
    "price": 1.49,
    "reference_price": 2.98,
    "iva": 10,
    "reference_unit": "1 Kg",
    "date": "2023-01-17"
  },
  {
    "id": 18053,
    "name": "Yogur Bífidus 00% con Frutas del Bosque CONSUM",
    "description": "Yogur Bífidus 00% con Frutas del Bosque 4 x 125 Gr",
    "category": "Bífidus",
    "url": "https://tienda.consum.es/es/p/yogur-bifidus-00-con-frutas-del-bosque/7294692",
    "price": 1.49,
    "reference_price": 2.98,
    "iva": 10,
    "reference_unit": "1 Kg",
    "date": "2023-01-17"
  },
  {
    "id": 18055,
    "name": "Yogur Bífidus 00% Natural Edulcorado CONSUM",
    "description": "Yogur Bífidus 00% Natural Edulcorado 4 x 125 Gr",
    "category": "Bífidus",
    "url": "https://tienda.consum.es/es/p/yogur-bifidus-00-natural-edulcorado/7294705",
    "price": 0.99,
    "reference_price": 1.98,
    "iva": 10,
    "reference_unit": "1 Kg",
    "date": "2023-01-17"
  },
  {
    "id": 18056,
    "name": "Yogur Bífidus 00% Natural Pack 4 Unidades CONSUM",
    "description": "Yogur Bífidus 00% Natural Pack 4 Unidades 4 x 125 Gr",
    "category": "Bífidus",
    "url": "https://tienda.consum.es/es/p/yogur-bifidus-00-natural-pack-4-unidades/7294713",
    "price": 0.99,
    "reference_price": 1.98,
    "iva": 10,
    "reference_unit": "1 Kg",
    "date": "2023-01-17"
  },
  {
    "id": 18057,
    "name": "Yogur Bífidus con Cereales y Muesli CONSUM",
    "description": "Yogur Bífidus con Cereales y Muesli 4 x 125 Gr",
    "category": "Bífidus",
    "url": "https://tienda.consum.es/es/p/yogur-bifidus-con-cereales-y-muesli/7294721",
    "price": 1.49,
    "reference_price": 2.98,
    "iva": 10,
    "reference_unit": "1 Kg",
    "date": "2023-01-17"
  },
  {
    "id": 18063,
    "name": "Mix Sabores de África Bolsa MISTERCORN",
    "description": "Mix Sabores de África Bolsa 195 Gr",
    "category": "Maíz tostado y cocktail",
    "url": "https://tienda.consum.es/es/p/mix-sabores-de-africa-bolsa/7305837",
    "price": 2.39,
    "reference_price": 12.26,
    "iva": 10,
    "reference_unit": "1 Kg",
    "date": "2023-01-17"
  },
  {
    "id": 18064,
    "name": "Cerveza Radler 0,0 Lata AMSTEL",
    "description": "Cerveza Radler 0,0 Lata 0,33 L",
    "category": "0, 0 y 0, 9",
    "url": "https://tienda.consum.es/es/p/cerveza-radler-00-lata/7306439",
    "price": 0.75,
    "reference_price": 2.27,
    "iva": 21,
    "reference_unit": "1 L",
    "date": "2023-01-17"
  },
  {
    "id": 18072,
    "name": "Leche Entera Minibrick pack 6 PASCUAL",
    "description": "Leche Entera Minibrick pack 6 6 x 200 ml",
    "category": "Entera",
    "url": "https://tienda.consum.es/es/p/leche-entera-minibrick-pack-6/7307861",
    "price": 2.49,
    "reference_price": 2.08,
    "iva": 0,
    "reference_unit": "1 L",
    "date": "2023-01-17"
  },
  {
    "id": 18075,
    "name": "Chocolate Negro 92% Cacao VALOR",
    "description": "Chocolate Negro 92% Cacao 170 Gr",
    "category": "Tabletas",
    "url": "https://tienda.consum.es/es/p/chocolate-negro-92-cacao/7308070",
    "price": 2.85,
    "reference_price": 16.76,
    "iva": 10,
    "reference_unit": "1 Kg",
    "date": "2023-01-17"
  },
  {
    "id": 18077,
    "name": "Comida Seca Perros Junior ULTIMA",
    "description": "Comida Seca Perros Junior 3 Kg",
    "category": "Seco",
    "url": "https://tienda.consum.es/es/p/comida-seca-perros-junior/7308166",
    "price": 14.5,
    "reference_price": 4.83,
    "iva": 10,
    "reference_unit": "1 Kg",
    "date": "2023-01-17"
  },
  {
    "id": 18080,
    "name": "Pants Boutique Discreet AUSONIA",
    "description": "Pants Boutique Discreet 9 U",
    "category": "Compresas y protegeslips",
    "url": "https://tienda.consum.es/es/p/pants-boutique-discreet/7308435",
    "price": 10.99,
    "reference_price": 1.22,
    "iva": 10,
    "reference_unit": "1 U",
    "date": "2023-01-17"
  },
  {
    "id": 18082,
    "name": "Aceituna Partida Aliñada Receta Tradicional JOLCA",
    "description": "Aceituna Partida Aliñada Receta Tradicional 500 Gr",
    "category": "Aceitunas con hueso",
    "url": "https://tienda.consum.es/es/p/aceituna-partida-alinada-receta-tradicional/7308471",
    "price": 3.59,
    "reference_price": 7.18,
    "iva": 10,
    "reference_unit": "1 Kg",
    "date": "2023-01-17"
  },
  {
    "id": 18084,
    "name": "Amoniaco Perfumado CONSUM",
    "description": "Amoniaco Perfumado 1,5 L",
    "category": "Lejías y amoniacos",
    "url": "https://tienda.consum.es/es/p/amoniaco-perfumado/7308836",
    "price": 0.65,
    "reference_price": 0.43,
    "iva": 21,
    "reference_unit": "1 L",
    "date": "2023-01-17"
  },
  {
    "id": 18092,
    "name": "Salvaslip Normal EVAX",
    "description": "Salvaslip Normal 50 U",
    "category": "Compresas y protegeslips",
    "url": "https://tienda.consum.es/es/p/salvaslip-normal/7164754",
    "price": 2.54,
    "reference_price": 0.05,
    "iva": 4,
    "reference_unit": "1 U",
    "date": "2023-01-17"
  },
  {
    "id": 18095,
    "name": "Lomo Cerdo Ibérico CONSUM",
    "description": "Lomo Cerdo Ibérico",
    "category": "Cerdo",
    "url": "https://tienda.consum.es/es/p/lomo-cerdo-iberico/7267441",
    "price": 5.15,
    "reference_price": 24.5,
    "iva": 10,
    "reference_unit": "1 Kg",
    "date": "2023-01-17"
  },
  {
    "id": 18096,
    "name": "Salchichas Bratwurst 2 Unidades CONSUM",
    "description": "Salchichas Bratwurst 2 Unidades 2 x 200 Gr",
    "category": "Salchichas",
    "url": "https://tienda.consum.es/es/p/salchichas-bratwurst-2-unidades/7269608",
    "price": 2.35,
    "reference_price": 5.88,
    "iva": 10,
    "reference_unit": "1 Kg",
    "date": "2023-01-17"
  },
  {
    "id": 18100,
    "name": "Pinza Extragrande PONETTE",
    "description": "Pinza Extragrande 1 U",
    "category": "Peines y accesorios",
    "url": "https://tienda.consum.es/es/p/pinza-extragrande/7300473",
    "price": 2.95,
    "reference_price": 2.95,
    "iva": 21,
    "reference_unit": "1 U",
    "date": "2023-01-17"
  },
  {
    "id": 18103,
    "name": "Presa Cerdo Ibérico CONSUM",
    "description": "Presa Cerdo Ibérico",
    "category": "Cerdo",
    "url": "https://tienda.consum.es/es/p/presa-cerdo-iberico/7303352",
    "price": 10.06,
    "reference_price": 33.49,
    "iva": 10,
    "reference_unit": "1 Kg",
    "date": "2023-01-17"
  },
  {
    "id": 18105,
    "name": "Azúcar Moreno de Caña Orgánico ECOWASSY",
    "description": "Azúcar Moreno de Caña Orgánico 500 Gr",
    "category": "Azúcar",
    "url": "https://tienda.consum.es/es/p/azucar-moreno-de-cana-organico/7306843",
    "price": 2.15,
    "reference_price": 4.3,
    "iva": 10,
    "reference_unit": "1 Kg",
    "date": "2023-01-17"
  },
  {
    "id": 18109,
    "name": "Filetes Redondo Añojo CONSUM",
    "description": "Filetes Redondo Añojo",
    "category": "Ternera y añojo",
    "url": "https://tienda.consum.es/es/p/filetes-redondo-anojo/7307296",
    "price": 5.25,
    "reference_price": 14.95,
    "iva": 10,
    "reference_unit": "1 Kg",
    "date": "2023-01-17"
  },
  {
    "id": 18110,
    "name": "Filete 1ª de Añojo Planchar-Freír CONSUM",
    "description": "Filete 1ª de Añojo Planchar-Freír",
    "category": "Ternera y añojo",
    "url": "https://tienda.consum.es/es/p/filete-1-de-anojo-planchar-freir/7307304",
    "price": 4.89,
    "reference_price": 13.95,
    "iva": 10,
    "reference_unit": "1 Kg",
    "date": "2023-01-17"
  },
  {
    "id": 18112,
    "name": "Cera Caliente Cazoleta Cara,Ingles y axilas BODY NATUR",
    "description": "Cera Caliente Cazoleta Cara,Ingles y axilas 100 ml",
    "category": "Cera ",
    "url": "https://tienda.consum.es/es/p/cera-caliente-cazoleta-caraingles-y-axilas/7307833",
    "price": 3.99,
    "reference_price": 3.99,
    "iva": 21,
    "reference_unit": "100 ml",
    "date": "2023-01-17"
  },
  {
    "id": 18119,
    "name": "Protegeslip Maxi AUSONIA",
    "description": "Protegeslip Maxi 30 U",
    "category": "Compresas y protegeslips",
    "url": "https://tienda.consum.es/es/p/protegeslip-maxi/7308476",
    "price": 1.88,
    "reference_price": 0.06,
    "iva": 4,
    "reference_unit": "1 U",
    "date": "2023-01-17"
  },
  {
    "id": 18122,
    "name": "Amoniaco CONSUM",
    "description": "Amoniaco 1,5 L",
    "category": "Lejías y amoniacos",
    "url": "https://tienda.consum.es/es/p/amoniaco/7308815",
    "price": 0.65,
    "reference_price": 0.43,
    "iva": 21,
    "reference_unit": "1 L",
    "date": "2023-01-17"
  },
  {
    "id": 18123,
    "name": "Leche sin Lactosa Entera Botella PULEVA",
    "description": "Leche sin Lactosa Entera Botella 1 L",
    "category": "Entera",
    "url": "https://tienda.consum.es/es/p/leche-sin-lactosa-entera-botella/7308971",
    "price": 1.3,
    "reference_price": 1.3,
    "iva": 0,
    "reference_unit": "1 L",
    "date": "2023-01-17"
  },
  {
    "id": 18124,
    "name": "Agua Destilada Con Tapón de Seguridad CONSUM",
    "description": "Agua Destilada Con Tapón de Seguridad 5 L",
    "category": "Otros limpiadores específicos",
    "url": "https://tienda.consum.es/es/p/agua-destilada-con-tapon-de-seguridad/7309029",
    "price": 2.1,
    "reference_price": 0.42,
    "iva": 21,
    "reference_unit": "1 L",
    "date": "2023-01-17"
  },
  {
    "id": 18132,
    "name": "Bífidus 00% con Piña con Kiwi, Fresa y Ciruela CONSUM",
    "description": "Bífidus 00% con Piña con Kiwi, Fresa y Ciruela 8 x 125 Gr",
    "category": "Bífidus",
    "url": "https://tienda.consum.es/es/p/bifidus-00-con-pina-con-kiwi-fresa-y-ciruela/7294700",
    "price": 2.69,
    "reference_price": 2.69,
    "iva": 10,
    "reference_unit": "1 Kg",
    "date": "2023-01-17"
  },
  {
    "id": 18133,
    "name": "Yogur Bífidus 00% con Cereales y Muesli CONSUM",
    "description": "Yogur Bífidus 00% con Cereales y Muesli 4 x 125 Gr",
    "category": "Bífidus",
    "url": "https://tienda.consum.es/es/p/yogur-bifidus-00-con-cereales-y-muesli/7294718",
    "price": 1.49,
    "reference_price": 2.98,
    "iva": 10,
    "reference_unit": "1 Kg",
    "date": "2023-01-17"
  },
  {
    "id": 18134,
    "name": "Agua Mineral Natural Botella CONSUM",
    "description": "Agua Mineral Natural Botella 1 L",
    "category": "Agua sin gas : botella",
    "url": "https://tienda.consum.es/es/p/agua-mineral-natural-botella/7302102",
    "price": 0.4,
    "reference_price": 0.4,
    "iva": 10,
    "reference_unit": "1 L",
    "date": "2023-01-17"
  },
  {
    "id": 18153,
    "name": "Pan Rallado Ecológico FRUMEN",
    "description": "Pan Rallado Ecológico 250 Gr",
    "category": "Pan rallado",
    "url": "https://tienda.consum.es/es/p/pan-rallado-ecologico/7306835",
    "price": 1.45,
    "reference_price": 5.8,
    "iva": 10,
    "reference_unit": "1 Kg",
    "date": "2023-01-17"
  },
  {
    "id": 18155,
    "name": "Pechuga Supercrispy congelada MAHESO",
    "description": "Pechuga Supercrispy congelada 250 Gr",
    "category": "Platos preparados",
    "url": "https://tienda.consum.es/es/p/pechuga-supercrispy-congelada/7307119",
    "price": 4.19,
    "reference_price": 16.76,
    "iva": 10,
    "reference_unit": "1 Kg",
    "date": "2023-01-17"
  },
  {
    "id": 18162,
    "name": "Cera Corporal Con Vainilla BODY NATUR",
    "description": "Cera Corporal Con Vainilla 250 ml",
    "category": "Cera ",
    "url": "https://tienda.consum.es/es/p/cera-corporal-con-vainilla/7307858",
    "price": 4.75,
    "reference_price": 1.9,
    "iva": 21,
    "reference_unit": "100 ml",
    "date": "2023-01-17"
  },
  {
    "id": 18168,
    "name": "Crackers de Espelta Caja de 4 Paquetes MASTRIGO",
    "description": "Crackers de Espelta Caja de 4 Paquetes 240 Gr",
    "category": "Tostadas y minibiscotes",
    "url": "https://tienda.consum.es/es/p/crackers-de-espelta-caja-de-4-paquetes/7308208",
    "price": 1.75,
    "reference_price": 7.29,
    "iva": 10,
    "reference_unit": "1 Kg",
    "date": "2023-01-17"
  },
  {
    "id": 18170,
    "name": "Filete Extra Fino Pechuga de Pollo CONSUM",
    "description": "Filete Extra Fino Pechuga de Pollo",
    "category": "Aves y conejo",
    "url": "https://tienda.consum.es/es/p/filete-extra-fino-pechuga-de-pollo/7308414",
    "price": 3.26,
    "reference_price": 9.29,
    "iva": 10,
    "reference_unit": "1 Kg",
    "date": "2023-01-17"
  },
  {
    "id": 18172,
    "name": "Protegeslip Normal AUSONIA",
    "description": "Protegeslip Normal 40 U",
    "category": "Compresas y protegeslips",
    "url": "https://tienda.consum.es/es/p/protegeslip-normal/7308468",
    "price": 1.88,
    "reference_price": 0.05,
    "iva": 4,
    "reference_unit": "1 U",
    "date": "2023-01-17"
  },
  {
    "id": 18174,
    "name": "Queso Roquefort D.O.P. 4 Porciones SOCIETE",
    "description": "Queso Roquefort D.O.P. 4 Porciones 4 x 25 Gr",
    "category": "Roquefort y azules",
    "url": "https://tienda.consum.es/es/p/queso-roquefort-dop-4-porciones/7308646",
    "price": 4.13,
    "reference_price": 41.3,
    "iva": 0,
    "reference_unit": "1 Kg",
    "date": "2023-01-17"
  },
  {
    "id": 18178,
    "name": "Palitos de Cereales Con Olivas y Sésamo SNATT'S",
    "description": "Palitos de Cereales Con Olivas y Sésamo 60 Gr",
    "category": "Rosquilletas, picos y snacks",
    "url": "https://tienda.consum.es/es/p/palitos-de-cereales-con-olivas-y-sesamo/7309131",
    "price": 1.19,
    "reference_price": 19.83,
    "iva": 10,
    "reference_unit": "1 Kg",
    "date": "2023-01-17"
  },
  {
    "id": 18179,
    "name": "Palitos de Cereales Con Pipas SNATT'S",
    "description": "Palitos de Cereales Con Pipas 62 Gr",
    "category": "Rosquilletas, picos y snacks",
    "url": "https://tienda.consum.es/es/p/palitos-de-cereales-con-pipas/7309144",
    "price": 1.19,
    "reference_price": 19.19,
    "iva": 10,
    "reference_unit": "1 Kg",
    "date": "2023-01-17"
  },
  {
    "id": 18181,
    "name": "Rollo Multiusos 3 Capas 70 Metros CONSUM",
    "description": "Rollo Multiusos 3 Capas 70 Metros 1 U",
    "category": "Papel de cocina",
    "url": "https://tienda.consum.es/es/p/rollo-multiusos-3-capas-70-metros/7293587",
    "price": 4.79,
    "reference_price": 4.79,
    "iva": 21,
    "reference_unit": "1 U",
    "date": "2023-01-17"
  },
  {
    "id": 18182,
    "name": "Pasta Oriental congelada CONSUM",
    "description": "Pasta Oriental congelada 600 Gr",
    "category": "Asiático",
    "url": "https://tienda.consum.es/es/p/pasta-oriental-congelada/7302073",
    "price": 2.95,
    "reference_price": 4.92,
    "iva": 10,
    "reference_unit": "1 Kg",
    "date": "2023-01-17"
  },
  {
    "id": 18183,
    "name": "Tomate y Pimiento Frito Lata VEGA BAJA",
    "description": "Tomate y Pimiento Frito Lata 420 Gr",
    "category": "Tomate",
    "url": "https://tienda.consum.es/es/p/tomate-y-pimiento-frito-lata/7306728",
    "price": 1.65,
    "reference_price": 3.93,
    "iva": 10,
    "reference_unit": "1 Kg",
    "date": "2023-01-17"
  },
  {
    "id": 18194,
    "name": "Aceitunas Negras Sin Hueso Cacereña JOLCA",
    "description": "Aceitunas Negras Sin Hueso Cacereña 3 x 50 Gr",
    "category": "Aceitunas sin hueso",
    "url": "https://tienda.consum.es/es/p/aceitunas-negras-sin-hueso-cacerena/7308625",
    "price": 2.69,
    "reference_price": 17.93,
    "iva": 10,
    "reference_unit": "1 Kg",
    "date": "2023-01-17"
  },
  {
    "id": 18200,
    "name": "Agua Destilada Con Tapón de Seguridad CONSUM",
    "description": "Agua Destilada Con Tapón de Seguridad 2 L",
    "category": "Otros limpiadores específicos",
    "url": "https://tienda.consum.es/es/p/agua-destilada-con-tapon-de-seguridad/7309024",
    "price": 0.9,
    "reference_price": 0.45,
    "iva": 21,
    "reference_unit": "1 L",
    "date": "2023-01-17"
  },
  {
    "id": 18204,
    "name": "Queso Fresco con Nata 6 Porciones KIRI",
    "description": "Queso Fresco con Nata 6 Porciones 108 Gr",
    "category": "Quesos Fundidos",
    "url": "https://tienda.consum.es/es/p/queso-fresco-con-nata-6-porciones/7309172",
    "price": 2.36,
    "reference_price": 21.85,
    "iva": 0,
    "reference_unit": "1 Kg",
    "date": "2023-01-17"
  },
  {
    "id": 18205,
    "name": "Oreja Cerdo Cocida y Troceada FERGONVI",
    "description": "Oreja Cerdo Cocida y Troceada 375 Gr",
    "category": "Otros elaborados",
    "url": "https://tienda.consum.es/es/p/oreja-cerdo-cocida-y-troceada/7309263",
    "price": 2.99,
    "reference_price": 7.97,
    "iva": 10,
    "reference_unit": "1 Kg",
    "date": "2023-01-17"
  },
  {
    "id": 18206,
    "name": "Protector del Color 15 Unidades IBERIA",
    "description": "Protector del Color 15 Unidades 15 U",
    "category": "Aditivos y complementos",
    "url": "https://tienda.consum.es/es/p/protector-del-color-15-unidades/7309458",
    "price": 3.45,
    "reference_price": 0.23,
    "iva": 21,
    "reference_unit": "1 U",
    "date": "2023-01-17"
  },
  {
    "id": 18213,
    "name": "Piña Del Monte DEL MONTE",
    "description": "Piña Del Monte",
    "category": "Fruta tropical",
    "url": "https://tienda.consum.es/es/p/pina-del-monte/7309862",
    "price": 5.51,
    "reference_price": 2.59,
    "iva": 0,
    "reference_unit": "1 Kg",
    "date": "2023-01-17"
  },
  {
    "id": 18215,
    "name": "Chapata Maxi ",
    "description": "Chapata Maxi 405 Gr",
    "category": "Pan de horno",
    "url": "https://tienda.consum.es/es/p/chapata-maxi/7309995",
    "price": 1.49,
    "reference_price": 3.68,
    "iva": 0,
    "reference_unit": "1 Kg",
    "date": "2023-01-17"
  },
  {
    "id": 18217,
    "name": "Dàtil Medjoul Ecológico ",
    "description": "Dàtil Medjoul Ecológico 150 Gr",
    "category": "Fruta seca",
    "url": "https://tienda.consum.es/es/p/datil-medjoul-ecologico/7310584",
    "price": 2.68,
    "reference_price": 17.87,
    "iva": 0,
    "reference_unit": "1 Kg",
    "date": "2023-01-17"
  },
  {
    "id": 18219,
    "name": "Salsa Boloñesa Frasco HIDA",
    "description": "Salsa Boloñesa Frasco 355 Gr",
    "category": "Otras salsas",
    "url": "https://tienda.consum.es/es/p/salsa-bolonesa-frasco/7306884",
    "price": 2.49,
    "reference_price": 7.01,
    "iva": 10,
    "reference_unit": "1 Kg",
    "date": "2023-01-17"
  },
  {
    "id": 18222,
    "name": "Hélices Multivegetales Nature Paquete GALLO",
    "description": "Hélices Multivegetales Nature Paquete 400 Gr",
    "category": "Pastas",
    "url": "https://tienda.consum.es/es/p/helices-multivegetales-nature-paquete/7307734",
    "price": 1.97,
    "reference_price": 4.93,
    "iva": 5,
    "reference_unit": "1 Kg",
    "date": "2023-01-17"
  },
  {
    "id": 18225,
    "name": "Vino Tinto Crianza D.O.Utiel-Requena BARRICA 88",
    "description": "Vino Tinto Crianza D.O.Utiel-Requena 0,75 L",
    "category": "Vinos d.o",
    "url": "https://tienda.consum.es/es/p/vino-tinto-crianza-doutiel-requena/7308278",
    "price": 2.25,
    "reference_price": 3,
    "iva": 21,
    "reference_unit": "1 L",
    "date": "2023-01-17"
  },
  {
    "id": 18226,
    "name": "Cerveza Radler Limón Lata SAN MIGUEL",
    "description": "Cerveza Radler Limón Lata 0,33 L",
    "category": "Importación lata",
    "url": "https://tienda.consum.es/es/p/cerveza-radler-limon-lata/7308281",
    "price": 0.69,
    "reference_price": 2.09,
    "iva": 21,
    "reference_unit": "1 L",
    "date": "2023-01-17"
  },
  {
    "id": 18227,
    "name": "Vino Blanco Madurado D.O.Utiel-Requena BARRICA 88",
    "description": "Vino Blanco Madurado D.O.Utiel-Requena 0,75 L",
    "category": "Vinos d.o",
    "url": "https://tienda.consum.es/es/p/vino-blanco-madurado-doutiel-requena/7308286",
    "price": 2.99,
    "reference_price": 3.99,
    "iva": 21,
    "reference_unit": "1 L",
    "date": "2023-01-17"
  },
  {
    "id": 18228,
    "name": "Surtido Paté y Cremas York y Jamón IBERITOS",
    "description": "Surtido Paté y Cremas York y Jamón 3 x 50 Gr",
    "category": "Patés y untables",
    "url": "https://tienda.consum.es/es/p/surtido-pate-y-cremas-york-y-jamon/7308372",
    "price": 1.95,
    "reference_price": 13,
    "iva": 10,
    "reference_unit": "1 Kg",
    "date": "2023-01-17"
  },
  {
    "id": 18230,
    "name": "Vino Blanco Verdejo D.O.Rueda VIÑA MAYOR",
    "description": "Vino Blanco Verdejo D.O.Rueda 0,75 L",
    "category": "Vinos d.o",
    "url": "https://tienda.consum.es/es/p/vino-blanco-verdejo-dorueda/7308633",
    "price": 5.99,
    "reference_price": 7.99,
    "iva": 21,
    "reference_unit": "1 L",
    "date": "2023-01-17"
  },
  {
    "id": 18236,
    "name": "Leche Calcio sin Lactosa Desnatada Brik PASCUAL",
    "description": "Leche Calcio sin Lactosa Desnatada Brik 1 L",
    "category": "Leche con calcio",
    "url": "https://tienda.consum.es/es/p/leche-calcio-sin-lactosa-desnatada-brik/7309859",
    "price": 1.72,
    "reference_price": 1.72,
    "iva": 0,
    "reference_unit": "1 L",
    "date": "2023-01-17"
  },
  {
    "id": 18245,
    "name": "Pizza Vegalia de Verdura y Queso Curado CAMPOFRÍO",
    "description": "Pizza Vegalia de Verdura y Queso Curado 360 Gr",
    "category": "Pizza refrigerada",
    "url": "https://tienda.consum.es/es/p/pizza-vegalia-de-verdura-y-queso-curado/7310303",
    "price": 3.25,
    "reference_price": 9.03,
    "iva": 10,
    "reference_unit": "1 Kg",
    "date": "2023-01-17"
  },
  {
    "id": 18249,
    "name": "Q.Tradicional Cassoleta Fresco L.Pasteurizada GRANJA RINYA",
    "description": "Q.Tradicional Cassoleta Fresco L.Pasteurizada",
    "category": "Frescos y para ensaladas",
    "url": "https://tienda.consum.es/es/p/qtradicional-cassoleta-fresco-lpasteurizada/7274298",
    "price": 10.1,
    "reference_price": 10.1,
    "iva": 0,
    "reference_unit": "1 Kg",
    "date": "2023-01-17"
  },
  {
    "id": 18251,
    "name": "Quitaesmalte Hidratante KYREY",
    "description": "Quitaesmalte Hidratante 200 ml",
    "category": "Uñas",
    "url": "https://tienda.consum.es/es/p/quitaesmalte-hidratante/7294536",
    "price": 1,
    "reference_price": 0.5,
    "iva": 21,
    "reference_unit": "100 ml",
    "date": "2023-01-17"
  },
  {
    "id": 18264,
    "name": "Leche sin Lactosa Entera Brik ASTURIANA",
    "description": "Leche sin Lactosa Entera Brik 1 L",
    "category": "Entera",
    "url": "https://tienda.consum.es/es/p/leche-sin-lactosa-entera-brik/7309842",
    "price": 1.29,
    "reference_price": 1.29,
    "iva": 0,
    "reference_unit": "1 L",
    "date": "2023-01-17"
  },
  {
    "id": 18265,
    "name": "Bebida de Almendras Sin Azúcar Brik ALPRO",
    "description": "Bebida de Almendras Sin Azúcar Brik 1 L",
    "category": "Bebidas vegetales",
    "url": "https://tienda.consum.es/es/p/bebida-de-almendras-sin-azucar-brik/7309847",
    "price": 2.19,
    "reference_price": 2.19,
    "iva": 10,
    "reference_unit": "1 L",
    "date": "2023-01-17"
  },
  {
    "id": 18266,
    "name": "Leche Calcio Sin Lactosa Desnatada Suprema Brik ASTURIANA",
    "description": "Leche Calcio Sin Lactosa Desnatada Suprema Brik 1 L",
    "category": "Leche con calcio",
    "url": "https://tienda.consum.es/es/p/leche-calcio-sin-lactosa-desnatada-suprema-brik/7309854",
    "price": 1.3,
    "reference_price": 1.3,
    "iva": 0,
    "reference_unit": "1 L",
    "date": "2023-01-17"
  },
  {
    "id": 18267,
    "name": "Regamix FINI",
    "description": "Regamix 200 Gr",
    "category": "Chicles, caramelos y gominolas",
    "url": "https://tienda.consum.es/es/p/regamix/7309953",
    "price": 1.15,
    "reference_price": 5.75,
    "iva": 10,
    "reference_unit": "1 Kg",
    "date": "2023-01-17"
  },
  {
    "id": 18282,
    "name": "Súper Matizante Rubio Castaño OLIA",
    "description": "Súper Matizante Rubio Castaño 1 U",
    "category": "Coloración",
    "url": "https://tienda.consum.es/es/p/super-matizante-rubio-castano/7310274",
    "price": 6.79,
    "reference_price": 6.79,
    "iva": 21,
    "reference_unit": "1 U",
    "date": "2023-01-17"
  },
  {
    "id": 18285,
    "name": "Limpiador Gel Desinfectante DOMESTOS",
    "description": "Limpiador Gel Desinfectante 1,25 L",
    "category": "Limpieza hogar",
    "url": "https://tienda.consum.es/es/p/limpiador-gel-desinfectante/7310407",
    "price": 2.55,
    "reference_price": 2.04,
    "iva": 21,
    "reference_unit": "1 L",
    "date": "2023-01-17"
  },
  {
    "id": 18293,
    "name": "Jugo de Coco para Cocinar Lata AMPRO",
    "description": "Jugo de Coco para Cocinar Lata 400 ml",
    "category": "Bebidas vegetales",
    "url": "https://tienda.consum.es/es/p/jugo-de-coco-para-cocinar-lata/7311207",
    "price": 1.89,
    "reference_price": 4.73,
    "iva": 10,
    "reference_unit": "1 L",
    "date": "2023-01-17"
  },
  {
    "id": 18295,
    "name": "Ginebra Naranja PREMIUM 38",
    "description": "Ginebra Naranja 0,7 L",
    "category": "Licores y vermouth",
    "url": "https://tienda.consum.es/es/p/ginebra-naranja/7311421",
    "price": 7.99,
    "reference_price": 11.41,
    "iva": 21,
    "reference_unit": "1 L",
    "date": "2023-01-17"
  },
  {
    "id": 18299,
    "name": "Ensalada Mixta Atún con Olivas FLORETTE",
    "description": "Ensalada Mixta Atún con Olivas 190 Gr",
    "category": "Ensaladas preparadas y guacamole",
    "url": "https://tienda.consum.es/es/p/ensalada-mixta-atun-con-olivas/7312200",
    "price": 3.3,
    "reference_price": 17.37,
    "iva": 10,
    "reference_unit": "1 Kg",
    "date": "2023-01-17"
  },
  {
    "id": 18303,
    "name": "Batido Sabor Vainilla Botella CONSUM",
    "description": "Batido Sabor Vainilla Botella 1 L",
    "category": "Batidos y cafés",
    "url": "https://tienda.consum.es/es/p/batido-sabor-vainilla-botella/7295145",
    "price": 1.2,
    "reference_price": 1.2,
    "iva": 10,
    "reference_unit": "1 L",
    "date": "2023-01-17"
  },
  {
    "id": 18332,
    "name": "Harina Integral Paquete GALLO",
    "description": "Harina Integral Paquete 1 Kg",
    "category": "Harinas y levaduras",
    "url": "https://tienda.consum.es/es/p/harina-integral-paquete/7310613",
    "price": 1.63,
    "reference_price": 1.63,
    "iva": 0,
    "reference_unit": "1 Kg",
    "date": "2023-01-17"
  },
  {
    "id": 18333,
    "name": "Mayonesa Deliciosa Pet HEINZ",
    "description": "Mayonesa Deliciosa Pet 400 ml",
    "category": "Mayonesa",
    "url": "https://tienda.consum.es/es/p/mayonesa-deliciosa-pet/7310621",
    "price": 2.99,
    "reference_price": 7.48,
    "iva": 10,
    "reference_unit": "1 L",
    "date": "2023-01-17"
  },
  {
    "id": 18337,
    "name": "Caffé Latte STARBUCKS",
    "description": "Caffé Latte 220 ml",
    "category": "Batidos y cafés",
    "url": "https://tienda.consum.es/es/p/caffe-latte/7310725",
    "price": 2.15,
    "reference_price": 9.77,
    "iva": 10,
    "reference_unit": "1 L",
    "date": "2023-01-17"
  },
  {
    "id": 18343,
    "name": "Kinder Schokobons Bolsa KINDER",
    "description": "Kinder Schokobons Bolsa 200 Gr",
    "category": "Chocolatinas y bombones",
    "url": "https://tienda.consum.es/es/p/kinder-schokobons-bolsa/7311186",
    "price": 3.5,
    "reference_price": 17.5,
    "iva": 10,
    "reference_unit": "1 Kg",
    "date": "2023-01-17"
  },
  {
    "id": 18357,
    "name": "Ensaimada Grande Hojaldrada 1 Unidad ",
    "description": "Ensaimada Grande Hojaldrada 1 Unidad 84 Gr",
    "category": "Croissants y ensaimadas",
    "url": "https://tienda.consum.es/es/p/ensaimada-grande-hojaldrada-1-unidad/7312838",
    "price": 0.75,
    "reference_price": 8.93,
    "iva": 10,
    "reference_unit": "1 Kg",
    "date": "2023-01-17"
  },
  {
    "id": 18360,
    "name": "Refresco Cola Zero Zero Bipack Indivisible COCA-COLA",
    "description": "Refresco Cola Zero Zero Bipack Indivisible 2 x 2 L",
    "category": "Cola",
    "url": "https://tienda.consum.es/es/p/refresco-cola-zero-zero-bipack-indivisible/7248750",
    "price": 4,
    "reference_price": 1,
    "iva": 21,
    "reference_unit": "1 L",
    "date": "2023-01-17"
  },
  {
    "id": 18364,
    "name": "Ajo Tierno Troceado Bandeja ",
    "description": "Ajo Tierno Troceado Bandeja 125 Gr",
    "category": "Patatas, cebollas y ajos",
    "url": "https://tienda.consum.es/es/p/ajo-tierno-troceado-bandeja/7307978",
    "price": 2.39,
    "reference_price": 19.12,
    "iva": 0,
    "reference_unit": "1 Kg",
    "date": "2023-01-17"
  },
  {
    "id": 18365,
    "name": "Comida Seca Gatos Esterilizados Salmon ULTIMA",
    "description": "Comida Seca Gatos Esterilizados Salmon 1,5 Kg",
    "category": "Seco",
    "url": "https://tienda.consum.es/es/p/comida-seca-gatos-esterilizados-salmon/7308158",
    "price": 9.95,
    "reference_price": 6.63,
    "iva": 10,
    "reference_unit": "1 Kg",
    "date": "2023-01-17"
  },
  {
    "id": 18368,
    "name": "Pan Rallado Sin Glutén Paquete GALLO",
    "description": "Pan Rallado Sin Glutén Paquete 200 Gr",
    "category": "Pan rallado",
    "url": "https://tienda.consum.es/es/p/pan-rallado-sin-gluten-paquete/7309433",
    "price": 2.19,
    "reference_price": 10.95,
    "iva": 10,
    "reference_unit": "1 Kg",
    "date": "2023-01-17"
  },
  {
    "id": 18372,
    "name": "Máquina Afeitar Hydro 5 Sense Energize WILKINSON",
    "description": "Máquina Afeitar Hydro 5 Sense Energize 1 U",
    "category": "Maquinillas de afeitar",
    "url": "https://tienda.consum.es/es/p/maquina-afeitar-hydro-5-sense-energize/7309990",
    "price": 6.59,
    "reference_price": 6.59,
    "iva": 21,
    "reference_unit": "1 U",
    "date": "2023-01-17"
  },
  {
    "id": 18378,
    "name": "Body Mousse Nutritiva Rápida Absorción NIVEA",
    "description": "Body Mousse Nutritiva Rápida Absorción 200 ml",
    "category": "Body-lociones",
    "url": "https://tienda.consum.es/es/p/body-mousse-nutritiva-rapida-absorcion/7310246",
    "price": 4.4,
    "reference_price": 2.2,
    "iva": 21,
    "reference_unit": "100 ml",
    "date": "2023-01-17"
  },
  {
    "id": 18380,
    "name": "Chicle Bote 60 Minutos Sabor Menta TRIDENT",
    "description": "Chicle Bote 60 Minutos Sabor Menta 72 Gr",
    "category": "Chicles, caramelos y gominolas",
    "url": "https://tienda.consum.es/es/p/chicle-bote-60-minutos-sabor-menta/7311418",
    "price": 3.25,
    "reference_price": 45.14,
    "iva": 10,
    "reference_unit": "1 Kg",
    "date": "2023-01-17"
  },
  {
    "id": 18382,
    "name": "Chicle Bote 60 Minutos Sabor Hierbabuena TRIDENT",
    "description": "Chicle Bote 60 Minutos Sabor Hierbabuena 72 Gr",
    "category": "Chicles, caramelos y gominolas",
    "url": "https://tienda.consum.es/es/p/chicle-bote-60-minutos-sabor-hierbabuena/7311439",
    "price": 3.25,
    "reference_price": 45.14,
    "iva": 10,
    "reference_unit": "1 Kg",
    "date": "2023-01-17"
  },
  {
    "id": 18387,
    "name": "Flamenquines CONSUM",
    "description": "Flamenquines 300 Gr",
    "category": "Cerdo",
    "url": "https://tienda.consum.es/es/p/flamenquines/7311587",
    "price": 3.15,
    "reference_price": 10.5,
    "iva": 10,
    "reference_unit": "1 Kg",
    "date": "2023-01-17"
  },
  {
    "id": 18389,
    "name": "Detergente Marsella Líquido OMINO BIANCO",
    "description": "Detergente Marsella Líquido 40 Lv",
    "category": "A máquina líquido",
    "url": "https://tienda.consum.es/es/p/detergente-marsella-liquido/7311744",
    "price": 7.99,
    "reference_price": 0.2,
    "iva": 21,
    "reference_unit": "1 Lv",
    "date": "2023-01-17"
  },
  {
    "id": 18390,
    "name": "Colgador Wc Duo Manzana y Lirio BREF",
    "description": "Colgador Wc Duo Manzana y Lirio 2 U",
    "category": "Limpieza baños",
    "url": "https://tienda.consum.es/es/p/colgador-wc-duo-manzana-y-lirio/7311785",
    "price": 3.79,
    "reference_price": 1.9,
    "iva": 21,
    "reference_unit": "1 U",
    "date": "2023-01-17"
  },
  {
    "id": 18394,
    "name": "Torta Aceite Sin Azúcar 6 Unidades INES ROSALES",
    "description": "Torta Aceite Sin Azúcar 6 Unidades 180 Gr",
    "category": "Bollería industrial",
    "url": "https://tienda.consum.es/es/p/torta-aceite-sin-azucar-6-unidades/7311822",
    "price": 2.75,
    "reference_price": 15.28,
    "iva": 10,
    "reference_unit": "1 Kg",
    "date": "2023-01-17"
  },
  {
    "id": 18399,
    "name": "Pimiento Piquillo de Lodosa Frasco DANTZA",
    "description": "Pimiento Piquillo de Lodosa Frasco 180 Gr",
    "category": "Pimiento",
    "url": "https://tienda.consum.es/es/p/pimiento-piquillo-de-lodosa-frasco/7312119",
    "price": 4.99,
    "reference_price": 27.72,
    "iva": 10,
    "reference_unit": "1 Kg",
    "date": "2023-01-17"
  },
  {
    "id": 18402,
    "name": "Viena Vegetariana Vegalia CAMPOFRÍO",
    "description": "Viena Vegetariana Vegalia 200 Gr",
    "category": "Otros cocidos",
    "url": "https://tienda.consum.es/es/p/viena-vegetariana-vegalia/7312437",
    "price": 2.9,
    "reference_price": 14.5,
    "iva": 10,
    "reference_unit": "1 Kg",
    "date": "2023-01-17"
  },
  {
    "id": 18403,
    "name": "Lonchas Vegetarianas Hierbas Mediterráneas CAMPOFRÍO",
    "description": "Lonchas Vegetarianas Hierbas Mediterráneas 100 Gr",
    "category": "Otros cocidos",
    "url": "https://tienda.consum.es/es/p/lonchas-vegetarianas-hierbas-mediterraneas/7312440",
    "price": 1.79,
    "reference_price": 17.9,
    "iva": 10,
    "reference_unit": "1 Kg",
    "date": "2023-01-17"
  },
  {
    "id": 18408,
    "name": "Chocolate a la Taza VALOR",
    "description": "Chocolate a la Taza 300 Gr",
    "category": "Tabletas",
    "url": "https://tienda.consum.es/es/p/chocolate-a-la-taza/7313500",
    "price": 2.4,
    "reference_price": 8,
    "iva": 10,
    "reference_unit": "1 Kg",
    "date": "2023-01-17"
  },
  {
    "id": 18419,
    "name": "Café Refrigerado Capuccino CONSUM",
    "description": "Café Refrigerado Capuccino 250 ml",
    "category": "Batidos y cafés",
    "url": "https://tienda.consum.es/es/p/cafe-refrigerado-capuccino/7305469",
    "price": 0.8,
    "reference_price": 3.2,
    "iva": 10,
    "reference_unit": "1 L",
    "date": "2023-01-17"
  },
  {
    "id": 18420,
    "name": "Café Refrigerado Light CONSUM",
    "description": "Café Refrigerado Light 250 ml",
    "category": "Batidos y cafés",
    "url": "https://tienda.consum.es/es/p/cafe-refrigerado-light/7305472",
    "price": 0.95,
    "reference_price": 3.8,
    "iva": 10,
    "reference_unit": "1 L",
    "date": "2023-01-17"
  },
  {
    "id": 18421,
    "name": "Café Refrigerado Machiatto CONSUM",
    "description": "Café Refrigerado Machiatto 250 ml",
    "category": "Batidos y cafés",
    "url": "https://tienda.consum.es/es/p/cafe-refrigerado-machiatto/7305477",
    "price": 0.85,
    "reference_price": 3.4,
    "iva": 10,
    "reference_unit": "1 L",
    "date": "2023-01-17"
  },
  {
    "id": 18422,
    "name": "Pan Rallado Ajo-Perejil CONSUM",
    "description": "Pan Rallado Ajo-Perejil 500 Gr",
    "category": "Pan rallado",
    "url": "https://tienda.consum.es/es/p/pan-rallado-ajo-perejil/7306892",
    "price": 1.15,
    "reference_price": 2.3,
    "iva": 10,
    "reference_unit": "1 Kg",
    "date": "2023-01-17"
  },
  {
    "id": 18427,
    "name": "Kéfir Natural NESTLE",
    "description": "Kéfir Natural 500 Gr",
    "category": "Yogures especial salud",
    "url": "https://tienda.consum.es/es/p/kefir-natural/7310159",
    "price": 2.15,
    "reference_price": 4.3,
    "iva": 10,
    "reference_unit": "1 Kg",
    "date": "2023-01-17"
  },
  {
    "id": 18428,
    "name": "Cargador Hydro 5 Skin Protection Advance WILKINSON",
    "description": "Cargador Hydro 5 Skin Protection Advance 4 U",
    "category": "Recambios hojas afeitar",
    "url": "https://tienda.consum.es/es/p/cargador-hydro-5-skin-protection-advance/7310253",
    "price": 9.99,
    "reference_price": 2.5,
    "iva": 21,
    "reference_unit": "1 U",
    "date": "2023-01-17"
  },
  {
    "id": 18437,
    "name": "Bebida de Avena Minibrick YOSOY",
    "description": "Bebida de Avena Minibrick 3 x 250 ml",
    "category": "Bebidas vegetales",
    "url": "https://tienda.consum.es/es/p/bebida-de-avena-minibrick/7311293",
    "price": 2.1,
    "reference_price": 2.8,
    "iva": 10,
    "reference_unit": "1 L",
    "date": "2023-01-17"
  },
  {
    "id": 18438,
    "name": "Batido Proteina Plus NATURTIERRA",
    "description": "Batido Proteina Plus 300 Gr",
    "category": "Fitoterapia",
    "url": "https://tienda.consum.es/es/p/batido-proteina-plus/7311442",
    "price": 6.99,
    "reference_price": 23.3,
    "iva": 10,
    "reference_unit": "1 Kg",
    "date": "2023-01-17"
  },
  {
    "id": 18439,
    "name": "Cápsulas Ginkgo 80 comprimidos NATURTIERRA",
    "description": "Cápsulas Ginkgo 80 comprimidos 1 U",
    "category": "Fitoterapia",
    "url": "https://tienda.consum.es/es/p/capsulas-ginkgo-80-comprimidos/7311447",
    "price": 4.55,
    "reference_price": 4.55,
    "iva": 10,
    "reference_unit": "1 U",
    "date": "2023-01-17"
  },
  {
    "id": 18447,
    "name": "Cepillo Dental Silm Soft Advanced COLGATE",
    "description": "Cepillo Dental Silm Soft Advanced 1 U",
    "category": "Cepillos de dientes",
    "url": "https://tienda.consum.es/es/p/cepillo-dental-silm-soft-advanced/7311918",
    "price": 3.99,
    "reference_price": 3.99,
    "iva": 21,
    "reference_unit": "1 U",
    "date": "2023-01-17"
  },
  {
    "id": 18453,
    "name": "Manzana Plátano y Yogur Solo Eco HERO",
    "description": "Manzana Plátano y Yogur Solo Eco 120 Gr",
    "category": "Alimentación infantil",
    "url": "https://tienda.consum.es/es/p/manzana-platano-y-yogur-solo-eco/7312015",
    "price": 1.39,
    "reference_price": 11.58,
    "iva": 10,
    "reference_unit": "1 Kg",
    "date": "2023-01-17"
  },
  {
    "id": 18458,
    "name": "Vino Tinto Canallas D.O.Valencia ARRAEZ",
    "description": "Vino Tinto Canallas D.O.Valencia 0,75 L",
    "category": "Vinos d.o",
    "url": "https://tienda.consum.es/es/p/vino-tinto-canallas-dovalencia/7312127",
    "price": 3.89,
    "reference_price": 5.19,
    "iva": 21,
    "reference_unit": "1 L",
    "date": "2023-01-17"
  },
  {
    "id": 18459,
    "name": "Vino Blanco Canallas D.O.Valencia ARRAEZ",
    "description": "Vino Blanco Canallas D.O.Valencia 0,75 L",
    "category": "Vinos d.o",
    "url": "https://tienda.consum.es/es/p/vino-blanco-canallas-dovalencia/7312130",
    "price": 3.89,
    "reference_price": 5.19,
    "iva": 21,
    "reference_unit": "1 L",
    "date": "2023-01-17"
  },
  {
    "id": 18461,
    "name": "Quitaesmalte Extrahidratante CUTEX",
    "description": "Quitaesmalte Extrahidratante 200 ml",
    "category": "Uñas",
    "url": "https://tienda.consum.es/es/p/quitaesmalte-extrahidratante/7312445",
    "price": 3.29,
    "reference_price": 1.65,
    "iva": 21,
    "reference_unit": "100 ml",
    "date": "2023-01-17"
  },
  {
    "id": 18465,
    "name": "Vino Blanco Sauvignon D.O.Rueda MELIOR",
    "description": "Vino Blanco Sauvignon D.O.Rueda 0,75 L",
    "category": "Vinos d.o",
    "url": "https://tienda.consum.es/es/p/vino-blanco-sauvignon-dorueda/7313336",
    "price": 6.29,
    "reference_price": 8.39,
    "iva": 21,
    "reference_unit": "1 L",
    "date": "2023-01-17"
  },
  {
    "id": 18467,
    "name": "Cerveza sin Alcohol 0,0 Pack de 6 Botellas E.GALICIA",
    "description": "Cerveza sin Alcohol 0,0 Pack de 6 Botellas 6 x 0,25 L",
    "category": "0, 0 y 0, 9",
    "url": "https://tienda.consum.es/es/p/cerveza-sin-alcohol-00-pack-de-6-botellas/7313641",
    "price": 3.35,
    "reference_price": 2.23,
    "iva": 21,
    "reference_unit": "1 L",
    "date": "2023-01-17"
  },
  {
    "id": 18469,
    "name": "Refresco Agua Con Gas Limón Botella VICHY",
    "description": "Refresco Agua Con Gas Limón Botella 1,2 L",
    "category": "Agua con sabores",
    "url": "https://tienda.consum.es/es/p/refresco-agua-con-gas-limon-botella/7314193",
    "price": 1.65,
    "reference_price": 1.38,
    "iva": 21,
    "reference_unit": "1 L",
    "date": "2023-01-17"
  },
  {
    "id": 18498,
    "name": "Vuelca Tortillas LYON",
    "description": "Vuelca Tortillas 1 U",
    "category": "Menaje cocina",
    "url": "https://tienda.consum.es/es/p/vuelca-tortillas/7282734",
    "price": 1.69,
    "reference_price": 1.69,
    "iva": 21,
    "reference_unit": "1 U",
    "date": "2023-01-17"
  },
  {
    "id": 18504,
    "name": "Queso Oveja c/Ajo Negro Leche Pasteurizada V.SOTUELAMOS",
    "description": "Queso Oveja c/Ajo Negro Leche Pasteurizada",
    "category": "Quesos Curados",
    "url": "https://tienda.consum.es/es/p/queso-oveja-c/ajo-negro-leche-pasteurizada/7299444",
    "price": 22.02,
    "reference_price": 22.02,
    "iva": 0,
    "reference_unit": "1 Kg",
    "date": "2023-01-17"
  },
  {
    "id": 18512,
    "name": "Vino Tinto Roble D.O.Ribera del Duero VIÑA MAYOR",
    "description": "Vino Tinto Roble D.O.Ribera del Duero 0,75 L",
    "category": "Vinos d.o",
    "url": "https://tienda.consum.es/es/p/vino-tinto-roble-doribera-del-duero/7311038",
    "price": 7.29,
    "reference_price": 9.72,
    "iva": 21,
    "reference_unit": "1 L",
    "date": "2023-01-17"
  },
  {
    "id": 18515,
    "name": "Manzana Deshidratada Roja Bolsa FRUBIS",
    "description": "Manzana Deshidratada Roja Bolsa 20 Gr",
    "category": "Snacks y otros aperitivos",
    "url": "https://tienda.consum.es/es/p/manzana-deshidratada-roja-bolsa/7311269",
    "price": 0.82,
    "reference_price": 4.1,
    "iva": 0,
    "reference_unit": "100 Gr",
    "date": "2023-01-17"
  },
  {
    "id": 18520,
    "name": "Vino Tinto 10 Meses D.O.Ribera del Duero PRADOREY",
    "description": "Vino Tinto 10 Meses D.O.Ribera del Duero 0,75 L",
    "category": "Vinos d.o",
    "url": "https://tienda.consum.es/es/p/vino-tinto-10-meses-doribera-del-duero/7311780",
    "price": 8.99,
    "reference_price": 11.99,
    "iva": 21,
    "reference_unit": "1 L",
    "date": "2023-01-17"
  },
  {
    "id": 18529,
    "name": "Spray Repelente Antiparasitario DIXIE",
    "description": "Spray Repelente Antiparasitario 1 U",
    "category": "Cuidado e higiene",
    "url": "https://tienda.consum.es/es/p/spray-repelente-antiparasitario/7313240",
    "price": 8.89,
    "reference_price": 8.89,
    "iva": 10,
    "reference_unit": "1 U",
    "date": "2023-01-17"
  },
  {
    "id": 18538,
    "name": "Desengrasante Pistola Desinfectante KH-7",
    "description": "Desengrasante Pistola Desinfectante 0,65 L",
    "category": "Limpieza hogar",
    "url": "https://tienda.consum.es/es/p/desengrasante-pistola-desinfectante/7314102",
    "price": 3.89,
    "reference_price": 5.98,
    "iva": 21,
    "reference_unit": "1 L",
    "date": "2023-01-17"
  },
  {
    "id": 18558,
    "name": "Espátula de Madera Hamburguesas METALTEX",
    "description": "Espátula de Madera Hamburguesas 1 U",
    "category": "Menaje cocina",
    "url": "https://tienda.consum.es/es/p/espatula-de-madera-hamburguesas/7074644",
    "price": 2.19,
    "reference_price": 2.19,
    "iva": 21,
    "reference_unit": "1 U",
    "date": "2023-01-17"
  },
  {
    "id": 18570,
    "name": "Exprimidor de Plástico 12.5 CM ",
    "description": "Exprimidor de Plástico 12.5 CM 1 U",
    "category": "Menaje cocina",
    "url": "https://tienda.consum.es/es/p/exprimidor-de-plastico-125-cm/7170038",
    "price": 2.45,
    "reference_price": 2.45,
    "iva": 21,
    "reference_unit": "1 U",
    "date": "2023-01-17"
  },
  {
    "id": 18571,
    "name": "Colador de Pasta 25 CM ",
    "description": "Colador de Pasta 25 CM 1 U",
    "category": "Menaje cocina",
    "url": "https://tienda.consum.es/es/p/colador-de-pasta-25-cm/7170046",
    "price": 1.99,
    "reference_price": 1.99,
    "iva": 21,
    "reference_unit": "1 U",
    "date": "2023-01-17"
  },
  {
    "id": 18577,
    "name": "Juego Dos Mallas para Legumbres 1Kg METALTEX",
    "description": "Juego Dos Mallas para Legumbres 1Kg 2 U",
    "category": "Menaje cocina",
    "url": "https://tienda.consum.es/es/p/juego-dos-mallas-para-legumbres-1kg/7170389",
    "price": 2.99,
    "reference_price": 1.5,
    "iva": 21,
    "reference_unit": "1 U",
    "date": "2023-01-17"
  },
  {
    "id": 18580,
    "name": "Decorador de Tarta Nylon 4 Boquillas METALTEX",
    "description": "Decorador de Tarta Nylon 4 Boquillas 1 U",
    "category": "Menaje cocina",
    "url": "https://tienda.consum.es/es/p/decorador-de-tarta-nylon-4-boquillas/7171122",
    "price": 2.39,
    "reference_price": 2.39,
    "iva": 21,
    "reference_unit": "1 U",
    "date": "2023-01-17"
  },
  {
    "id": 18584,
    "name": "Rodillo para Amasar de Madera 40 cm METALTEX",
    "description": "Rodillo para Amasar de Madera 40 cm 1 U",
    "category": "Menaje cocina",
    "url": "https://tienda.consum.es/es/p/rodillo-para-amasar-de-madera-40-cm/7171192",
    "price": 4.79,
    "reference_price": 4.79,
    "iva": 21,
    "reference_unit": "1 U",
    "date": "2023-01-17"
  },
  {
    "id": 18585,
    "name": "Botellín para Salsas Plástico 19 cm METALTEX",
    "description": "Botellín para Salsas Plástico 19 cm 1 U",
    "category": "Menaje cocina",
    "url": "https://tienda.consum.es/es/p/botellin-para-salsas-plastico-19-cm/7171218",
    "price": 1.49,
    "reference_price": 1.49,
    "iva": 21,
    "reference_unit": "1 U",
    "date": "2023-01-17"
  },
  {
    "id": 18586,
    "name": "Molinillo de Pimienta de Madera METALTEX",
    "description": "Molinillo de Pimienta de Madera 1 U",
    "category": "Menaje cocina",
    "url": "https://tienda.consum.es/es/p/molinillo-de-pimienta-de-madera/7171221",
    "price": 4.99,
    "reference_price": 4.99,
    "iva": 21,
    "reference_unit": "1 U",
    "date": "2023-01-17"
  },
  {
    "id": 18587,
    "name": "Set Escurridor 2 Piezas ",
    "description": "Set Escurridor 2 Piezas 1 U",
    "category": "Menaje cocina",
    "url": "https://tienda.consum.es/es/p/set-escurridor-2-piezas/7171429",
    "price": 3.35,
    "reference_price": 3.35,
    "iva": 21,
    "reference_unit": "1 U",
    "date": "2023-01-17"
  },
  {
    "id": 18588,
    "name": "Alfombra Escurridora Blanca 29x29 CM ",
    "description": "Alfombra Escurridora Blanca 29x29 CM 1 U",
    "category": "Menaje cocina",
    "url": "https://tienda.consum.es/es/p/alfombra-escurridora-blanca-29x29-cm/7171432",
    "price": 1.55,
    "reference_price": 1.55,
    "iva": 21,
    "reference_unit": "1 U",
    "date": "2023-01-17"
  },
  {
    "id": 18602,
    "name": "Bloc de 80 Hojas A5 Cuadriculado ",
    "description": "Bloc de 80 Hojas A5 Cuadriculado 1 U",
    "category": "Papelería y juguetes",
    "url": "https://tienda.consum.es/es/p/bloc-de-80-hojas-a5-cuadriculado/7174857",
    "price": 1.15,
    "reference_price": 1.15,
    "iva": 21,
    "reference_unit": "1 U",
    "date": "2023-01-17"
  },
  {
    "id": 18616,
    "name": "Maza de Mortero de Madera 19.5CM ",
    "description": "Maza de Mortero de Madera 19.5CM 1 U",
    "category": "Menaje cocina",
    "url": "https://tienda.consum.es/es/p/maza-de-mortero-de-madera-195cm/7178775",
    "price": 2.89,
    "reference_price": 2.89,
    "iva": 21,
    "reference_unit": "1 U",
    "date": "2023-01-17"
  },
  {
    "id": 18624,
    "name": "Sartén Aluminio Fundido Solid 20 cm MONIX",
    "description": "Sartén Aluminio Fundido Solid 20 cm 1 U",
    "category": "Menaje cocina",
    "url": "https://tienda.consum.es/es/p/sarten-aluminio-fundido-solid-20-cm/7194041",
    "price": 17.5,
    "reference_price": 17.5,
    "iva": 21,
    "reference_unit": "1 U",
    "date": "2023-01-17"
  },
  {
    "id": 18625,
    "name": "Sartén Aluminio Fundido Solid 24 cm MONIX",
    "description": "Sartén Aluminio Fundido Solid 24 cm 1 U",
    "category": "Menaje cocina",
    "url": "https://tienda.consum.es/es/p/sarten-aluminio-fundido-solid-24-cm/7194046",
    "price": 19.9,
    "reference_price": 19.9,
    "iva": 21,
    "reference_unit": "1 U",
    "date": "2023-01-17"
  },
  {
    "id": 18626,
    "name": "Sartén Aluminio Fundido Solid 28 cm MONIX",
    "description": "Sartén Aluminio Fundido Solid 28 cm 1 U",
    "category": "Menaje cocina",
    "url": "https://tienda.consum.es/es/p/sarten-aluminio-fundido-solid-28-cm/7194053",
    "price": 23.5,
    "reference_price": 23.5,
    "iva": 21,
    "reference_unit": "1 U",
    "date": "2023-01-17"
  },
  {
    "id": 18627,
    "name": "Grill Aluminio Fundido Solid 28 cm MONIX",
    "description": "Grill Aluminio Fundido Solid 28 cm 1 U",
    "category": "Menaje cocina",
    "url": "https://tienda.consum.es/es/p/grill-aluminio-fundido-solid-28-cm/7194058",
    "price": 29.5,
    "reference_price": 29.5,
    "iva": 21,
    "reference_unit": "1 U",
    "date": "2023-01-17"
  },
  {
    "id": 18637,
    "name": "Cubo de Agua 10 Litros MAX HOME",
    "description": "Cubo de Agua 10 Litros 1 U",
    "category": "Cubos y barreños",
    "url": "https://tienda.consum.es/es/p/cubo-de-agua-10-litros/7230837",
    "price": 2.79,
    "reference_price": 2.79,
    "iva": 21,
    "reference_unit": "1 U",
    "date": "2023-01-17"
  },
  {
    "id": 18639,
    "name": "Cafetera Vitro-Express 6 Tazas MONIX",
    "description": "Cafetera Vitro-Express 6 Tazas 1 U",
    "category": "Menaje cocina",
    "url": "https://tienda.consum.es/es/p/cafetera-vitro-express-6-tazas/7233278",
    "price": 9.99,
    "reference_price": 9.99,
    "iva": 21,
    "reference_unit": "1 U",
    "date": "2023-01-17"
  },
  {
    "id": 18640,
    "name": "Cafetera de Inducción New Cream 9 Tazas MONIX",
    "description": "Cafetera de Inducción New Cream 9 Tazas 1 U",
    "category": "Menaje cocina",
    "url": "https://tienda.consum.es/es/p/cafetera-de-induccion-new-cream-9-tazas/7233281",
    "price": 24.5,
    "reference_price": 24.5,
    "iva": 21,
    "reference_unit": "1 U",
    "date": "2023-01-17"
  },
  {
    "id": 18643,
    "name": "Tapa para Microondas Antisalpicaduras ",
    "description": "Tapa para Microondas Antisalpicaduras 1 U",
    "category": "Menaje cocina",
    "url": "https://tienda.consum.es/es/p/tapa-para-microondas-antisalpicaduras/7240112",
    "price": 0.99,
    "reference_price": 0.99,
    "iva": 21,
    "reference_unit": "1 U",
    "date": "2023-01-17"
  },
  {
    "id": 18676,
    "name": "Nuggets Veganos GARDEN",
    "description": "Nuggets Veganos 200 Gr",
    "category": "Veganos",
    "url": "https://tienda.consum.es/es/p/nuggets-veganos/7269942",
    "price": 3.5,
    "reference_price": 17.5,
    "iva": 10,
    "reference_unit": "1 Kg",
    "date": "2023-01-17"
  },
  {
    "id": 18678,
    "name": "Bocaditos Braseados Vegetarianos GARDEN",
    "description": "Bocaditos Braseados Vegetarianos 175 Gr",
    "category": "Veganos",
    "url": "https://tienda.consum.es/es/p/bocaditos-braseados-vegetarianos/7269962",
    "price": 3.5,
    "reference_price": 20,
    "iva": 10,
    "reference_unit": "1 Kg",
    "date": "2023-01-17"
  },
  {
    "id": 18680,
    "name": "Bote Cocina Transparente 2 Litros TATAY",
    "description": "Bote Cocina Transparente 2 Litros 1 U",
    "category": "Conservación alimentos",
    "url": "https://tienda.consum.es/es/p/bote-cocina-transparente-2-litros/7273162",
    "price": 4.79,
    "reference_price": 4.79,
    "iva": 21,
    "reference_unit": "1 U",
    "date": "2023-01-17"
  },
  {
    "id": 18700,
    "name": "Mortero Miel 4 Picos 12.5x8cm ",
    "description": "Mortero Miel 4 Picos 12.5x8cm 1 U",
    "category": "Menaje cocina",
    "url": "https://tienda.consum.es/es/p/mortero-miel-4-picos-125x8cm/7295202",
    "price": 4.29,
    "reference_price": 4.29,
    "iva": 21,
    "reference_unit": "1 U",
    "date": "2023-01-17"
  },
  {
    "id": 18704,
    "name": "Anchoa del Cantábrico MSC en Aceite de Oliva CONSUM",
    "description": "Anchoa del Cantábrico MSC en Aceite de Oliva 55 Gr",
    "category": "Anchoas",
    "url": "https://tienda.consum.es/es/p/anchoa-del-cantabrico-msc-en-aceite-de-oliva/7301497",
    "price": 3.85,
    "reference_price": 70,
    "iva": 10,
    "reference_unit": "1 Kg",
    "date": "2023-01-17"
  },
  {
    "id": 18705,
    "name": "Ensalada Lorena Bandeja DIQUESÍ",
    "description": "Ensalada Lorena Bandeja 145 Gr",
    "category": "Ensaladas preparadas y guacamole",
    "url": "https://tienda.consum.es/es/p/ensalada-lorena-bandeja/7303691",
    "price": 2.99,
    "reference_price": 20.62,
    "iva": 10,
    "reference_unit": "1 Kg",
    "date": "2023-01-17"
  },
  {
    "id": 18706,
    "name": "Aceite de Oliva Virgen Extra Ecológico CONSUM ECO",
    "description": "Aceite de Oliva Virgen Extra Ecológico 500 ml",
    "category": "Aceite de oliva virgen y virgen extra",
    "url": "https://tienda.consum.es/es/p/aceite-de-oliva-virgen-extra-ecologico/7304397",
    "price": 5.15,
    "reference_price": 10.3,
    "iva": 5,
    "reference_unit": "1 L",
    "date": "2023-01-17"
  },
  {
    "id": 18707,
    "name": "Colonia Hombre SPRINGFIELD",
    "description": "Colonia Hombre 200 ml",
    "category": "Masculinas",
    "url": "https://tienda.consum.es/es/p/colonia-hombre/7304413",
    "price": 12.9,
    "reference_price": 6.45,
    "iva": 21,
    "reference_unit": "100 ml",
    "date": "2023-01-17"
  },
  {
    "id": 18708,
    "name": "Rosca Rústica de Lomo DE ORO",
    "description": "Rosca Rústica de Lomo 480 Gr",
    "category": "Bocadillos y sándwich listos",
    "url": "https://tienda.consum.es/es/p/rosca-rustica-de-lomo/7305907",
    "price": 3.19,
    "reference_price": 6.65,
    "iva": 10,
    "reference_unit": "1 Kg",
    "date": "2023-01-17"
  },
  {
    "id": 18715,
    "name": "Salsa Ligera Tarro CONSUM",
    "description": "Salsa Ligera Tarro 450 ml",
    "category": "Mayonesa",
    "url": "https://tienda.consum.es/es/p/salsa-ligera-tarro/7309367",
    "price": 1.45,
    "reference_price": 3.22,
    "iva": 10,
    "reference_unit": "1 L",
    "date": "2023-01-17"
  },
  {
    "id": 18716,
    "name": "Ketchup CONSUM",
    "description": "Ketchup 560 Gr",
    "category": "Ketchup",
    "url": "https://tienda.consum.es/es/p/ketchup/7309383",
    "price": 1.3,
    "reference_price": 2.32,
    "iva": 10,
    "reference_unit": "1 Kg",
    "date": "2023-01-17"
  },
  {
    "id": 18717,
    "name": "Salsa Cèsar CONSUM",
    "description": "Salsa Cèsar 300 ml",
    "category": "Otras salsas",
    "url": "https://tienda.consum.es/es/p/salsa-cesar/7309404",
    "price": 1.3,
    "reference_price": 4.33,
    "iva": 10,
    "reference_unit": "1 L",
    "date": "2023-01-17"
  },
  {
    "id": 18718,
    "name": "Salsa Yogur CONSUM",
    "description": "Salsa Yogur 300 ml",
    "category": "Otras salsas",
    "url": "https://tienda.consum.es/es/p/salsa-yogur/7309412",
    "price": 1.3,
    "reference_price": 4.33,
    "iva": 10,
    "reference_unit": "1 L",
    "date": "2023-01-17"
  },
  {
    "id": 18737,
    "name": "Refresco Blue Frutas del Bosque SUNNY",
    "description": "Refresco Blue Frutas del Bosque 0,31 L",
    "category": "Refrescos sin gas",
    "url": "https://tienda.consum.es/es/p/refresco-blue-frutas-del-bosque/7312218",
    "price": 0.86,
    "reference_price": 2.77,
    "iva": 21,
    "reference_unit": "1 L",
    "date": "2023-01-17"
  },
  {
    "id": 18738,
    "name": "Tampón Super Plus OB",
    "description": "Tampón Super Plus 16 U",
    "category": "Tampones",
    "url": "https://tienda.consum.es/es/p/tampon-super-plus/7312341",
    "price": 3.21,
    "reference_price": 0.2,
    "iva": 4,
    "reference_unit": "1 U",
    "date": "2023-01-17"
  },
  {
    "id": 18740,
    "name": "Hoops Glaseados 2 Unidades ",
    "description": "Hoops Glaseados 2 Unidades 100 Gr",
    "category": "Bollería rellena y donuts",
    "url": "https://tienda.consum.es/es/p/hoops-glaseados-2-unidades/7313158",
    "price": 0.67,
    "reference_price": 6.7,
    "iva": 10,
    "reference_unit": "1 Kg",
    "date": "2023-01-17"
  },
  {
    "id": 18741,
    "name": "Hoops Bombón 2 Unidades ",
    "description": "Hoops Bombón 2 Unidades 110 Gr",
    "category": "Bollería rellena y donuts",
    "url": "https://tienda.consum.es/es/p/hoops-bombon-2-unidades/7313166",
    "price": 0.67,
    "reference_price": 6.09,
    "iva": 10,
    "reference_unit": "1 Kg",
    "date": "2023-01-17"
  },
  {
    "id": 18745,
    "name": "Vino Tinto Reserva D.O.Ribera del Duero DEHES.VIEJAS",
    "description": "Vino Tinto Reserva D.O.Ribera del Duero 0,75 L",
    "category": "Vinos d.o",
    "url": "https://tienda.consum.es/es/p/vino-tinto-reserva-doribera-del-duero/7314396",
    "price": 5.6,
    "reference_price": 7.47,
    "iva": 21,
    "reference_unit": "1 L",
    "date": "2023-01-17"
  },
  {
    "id": 18746,
    "name": "Pizza Bellissima con Pavo Masa de Espelta y Chía GUAPIZZIMA",
    "description": "Pizza Bellissima con Pavo Masa de Espelta y Chía 450 Gr",
    "category": "Pizza refrigerada",
    "url": "https://tienda.consum.es/es/p/pizza-bellissima-con-pavo-masa-de-espelta-y-chia/7314651",
    "price": 3.69,
    "reference_price": 8.2,
    "iva": 10,
    "reference_unit": "1 Kg",
    "date": "2023-01-17"
  },
  {
    "id": 18748,
    "name": "Pizza Tartufina Jamón y Salsa de Trufa GUAPIZZIMA",
    "description": "Pizza Tartufina Jamón y Salsa de Trufa 430 Gr",
    "category": "Pizza refrigerada",
    "url": "https://tienda.consum.es/es/p/pizza-tartufina-jamon-y-salsa-de-trufa/7314669",
    "price": 3.75,
    "reference_price": 8.33,
    "iva": 10,
    "reference_unit": "1 Kg",
    "date": "2023-01-17"
  },
  {
    "id": 18751,
    "name": "Clips Metálicos PONETTE",
    "description": "Clips Metálicos 1 U",
    "category": "Peines y accesorios",
    "url": "https://tienda.consum.es/es/p/clips-metalicos/7314771",
    "price": 1.99,
    "reference_price": 1.99,
    "iva": 21,
    "reference_unit": "1 U",
    "date": "2023-01-17"
  },
  {
    "id": 18752,
    "name": "Café con Leche Deliss Botellín PULEVA",
    "description": "Café con Leche Deliss Botellín 220 ml",
    "category": "Batidos y cafés",
    "url": "https://tienda.consum.es/es/p/cafe-con-leche-deliss-botellin/7314805",
    "price": 1.15,
    "reference_price": 5.23,
    "iva": 10,
    "reference_unit": "1 L",
    "date": "2023-01-17"
  },
  {
    "id": 18753,
    "name": "Café con Leche Cappucino Botellín PULEVA",
    "description": "Café con Leche Cappucino Botellín 220 ml",
    "category": "Batidos y cafés",
    "url": "https://tienda.consum.es/es/p/cafe-con-leche-cappucino-botellin/7314813",
    "price": 1.15,
    "reference_price": 5.23,
    "iva": 10,
    "reference_unit": "1 L",
    "date": "2023-01-17"
  },
  {
    "id": 18758,
    "name": "Mini Magdalenas ",
    "description": "Mini Magdalenas 225 Gr",
    "category": "Magdalenas",
    "url": "https://tienda.consum.es/es/p/mini-magdalenas/7315208",
    "price": 2.39,
    "reference_price": 10.62,
    "iva": 10,
    "reference_unit": "1 Kg",
    "date": "2023-01-17"
  },
  {
    "id": 18763,
    "name": "Piña Troceada Tarrina ",
    "description": "Piña Troceada Tarrina 175 Gr",
    "category": "Otras frutas",
    "url": "https://tienda.consum.es/es/p/pina-troceada-tarrina/7223670",
    "price": 1.53,
    "reference_price": 8.74,
    "iva": 0,
    "reference_unit": "1 Kg",
    "date": "2023-01-17"
  },
  {
    "id": 18766,
    "name": "Zumo Recién Exprimido de Naranja ",
    "description": "Zumo Recién Exprimido de Naranja 1L",
    "category": "Zumos y néctares no refrigerados",
    "url": "https://tienda.consum.es/es/p/zumo-recien-exprimido-de-naranja/7265895",
    "price": 3.84,
    "reference_price": 3.84,
    "iva": 0,
    "reference_unit": "1 L",
    "date": "2023-01-17"
  },
  {
    "id": 18768,
    "name": "Bote Cocina Transparente 1 Litro TATAY",
    "description": "Bote Cocina Transparente 1 Litro 1 U",
    "category": "Conservación alimentos",
    "url": "https://tienda.consum.es/es/p/bote-cocina-transparente-1-litro/7273147",
    "price": 3.99,
    "reference_price": 3.99,
    "iva": 21,
    "reference_unit": "1 U",
    "date": "2023-01-17"
  },
  {
    "id": 18769,
    "name": "Empapadores Perro Medida 55x66 MASCOTY",
    "description": "Empapadores Perro Medida 55x66 6 U",
    "category": "Mascotas",
    "url": "https://tienda.consum.es/es/p/empapadores-perro-medida-55x66/7281822",
    "price": 1.99,
    "reference_price": 0.4,
    "iva": 21,
    "reference_unit": "1 U",
    "date": "2023-01-17"
  },
  {
    "id": 18772,
    "name": "Filtro Maxtra Pack de 2 unidades BRITA",
    "description": "Filtro Maxtra Pack de 2 unidades 2 x 1 U",
    "category": "Menaje cocina",
    "url": "https://tienda.consum.es/es/p/filtro-maxtra-pack-de-2-unidades/7286748",
    "price": 15.45,
    "reference_price": 7.73,
    "iva": 21,
    "reference_unit": "1 U",
    "date": "2023-01-17"
  },
  {
    "id": 18779,
    "name": "Pila Súper Alcalina AAA Blister 4+2 Gratis CEGASA",
    "description": "Pila Súper Alcalina AAA Blister 4+2 Gratis 1 U",
    "category": "Electricidad, pilas y bombillas",
    "url": "https://tienda.consum.es/es/p/pila-super-alcalina-aaa-blister-42-gratis/7311046",
    "price": 3.79,
    "reference_price": 3.79,
    "iva": 21,
    "reference_unit": "1 U",
    "date": "2023-01-17"
  },
  {
    "id": 18780,
    "name": "Pila Súper Alcalina AA Blister 4+2 Gratis CEGASA",
    "description": "Pila Súper Alcalina AA Blister 4+2 Gratis 1 U",
    "category": "Electricidad, pilas y bombillas",
    "url": "https://tienda.consum.es/es/p/pila-super-alcalina-aa-blister-42-gratis/7311053",
    "price": 3.79,
    "reference_price": 3.79,
    "iva": 21,
    "reference_unit": "1 U",
    "date": "2023-01-17"
  },
  {
    "id": 18794,
    "name": "Frutos Secos y Frutas Arándanos y Cerezas SNATT'S",
    "description": "Frutos Secos y Frutas Arándanos y Cerezas 120 Gr",
    "category": "Maíz tostado y cocktail",
    "url": "https://tienda.consum.es/es/p/frutos-secos-y-frutas-arandanos-y-cerezas/7314912",
    "price": 2.65,
    "reference_price": 22.08,
    "iva": 10,
    "reference_unit": "1 Kg",
    "date": "2023-01-17"
  },
  {
    "id": 18795,
    "name": "Frutos Secos y Frutas Piña y Papaya SNATT'S",
    "description": "Frutos Secos y Frutas Piña y Papaya 120 Gr",
    "category": "Maíz tostado y cocktail",
    "url": "https://tienda.consum.es/es/p/frutos-secos-y-frutas-pina-y-papaya/7314953",
    "price": 2.65,
    "reference_price": 22.08,
    "iva": 10,
    "reference_unit": "1 Kg",
    "date": "2023-01-17"
  },
  {
    "id": 18802,
    "name": "Toallitas Íntimas SALUSTAR",
    "description": "Toallitas Íntimas 12 U",
    "category": "Aseo íntimo",
    "url": "https://tienda.consum.es/es/p/toallitas-intimas/7315273",
    "price": 0.99,
    "reference_price": 0.08,
    "iva": 21,
    "reference_unit": "1 U",
    "date": "2023-01-17"
  },
  {
    "id": 18804,
    "name": "Coquetas de Cacahuete ",
    "description": "Coquetas de Cacahuete 200 Gr",
    "category": "Rosquilletas, picos y snacks",
    "url": "https://tienda.consum.es/es/p/coquetas-de-cacahuete/7315666",
    "price": 2.29,
    "reference_price": 11.45,
    "iva": 10,
    "reference_unit": "1 Kg",
    "date": "2023-01-17"
  },
  {
    "id": 18811,
    "name": "Bastones Zanahoria Salsa Yogur ",
    "description": "Bastones Zanahoria Salsa Yogur 210 Gr",
    "category": "Zanahorias y otras raíces",
    "url": "https://tienda.consum.es/es/p/bastones-zanahoria-salsa-yogur/7294288",
    "price": 1.54,
    "reference_price": 8.56,
    "iva": 0,
    "reference_unit": "1 Kg",
    "date": "2023-01-17"
  },
  {
    "id": 18814,
    "name": "Mayonesa Pet CONSUM",
    "description": "Mayonesa Pet 500 ml",
    "category": "Mayonesa",
    "url": "https://tienda.consum.es/es/p/mayonesa-pet/7309347",
    "price": 1.69,
    "reference_price": 3.38,
    "iva": 10,
    "reference_unit": "1 L",
    "date": "2023-01-17"
  },
  {
    "id": 18816,
    "name": "Mostaza CONSUM",
    "description": "Mostaza 300 Gr",
    "category": "Mostaza",
    "url": "https://tienda.consum.es/es/p/mostaza/7309391",
    "price": 1.3,
    "reference_price": 4.33,
    "iva": 10,
    "reference_unit": "1 Kg",
    "date": "2023-01-17"
  },
  {
    "id": 18818,
    "name": "Crema Cacao Chocoleche Vaso Cristal NOCILLA",
    "description": "Crema Cacao Chocoleche Vaso Cristal 360 Gr",
    "category": "Cremas de desayuno",
    "url": "https://tienda.consum.es/es/p/crema-cacao-chocoleche-vaso-cristal/7314151",
    "price": 3.25,
    "reference_price": 9.03,
    "iva": 10,
    "reference_unit": "1 Kg",
    "date": "2023-01-17"
  },
  {
    "id": 18832,
    "name": "Crema Stop Tijeras Pelo Largo Dañado ELVIVE",
    "description": "Crema Stop Tijeras Pelo Largo Dañado 200 ml",
    "category": "Serums, aceites y otros",
    "url": "https://tienda.consum.es/es/p/crema-stop-tijeras-pelo-largo-danado/7314917",
    "price": 4.95,
    "reference_price": 2.48,
    "iva": 21,
    "reference_unit": "100 ml",
    "date": "2023-01-17"
  },
  {
    "id": 18834,
    "name": "Relleno para Sándwich Pimiento y Cebolla BOCADELIA",
    "description": "Relleno para Sándwich Pimiento y Cebolla 180 Gr",
    "category": "Patés y untables",
    "url": "https://tienda.consum.es/es/p/relleno-para-sandwich-pimiento-y-cebolla/7314946",
    "price": 3.35,
    "reference_price": 18.61,
    "iva": 10,
    "reference_unit": "1 Kg",
    "date": "2023-01-17"
  },
  {
    "id": 18838,
    "name": "Agua de Coco 100% Botella TESORO NATUR",
    "description": "Agua de Coco 100% Botella 1 L",
    "category": "Refrescos",
    "url": "https://tienda.consum.es/es/p/agua-de-coco-100-botella/7315257",
    "price": 2.6,
    "reference_price": 2.6,
    "iva": 10,
    "reference_unit": "1 L",
    "date": "2023-01-17"
  },
  {
    "id": 18844,
    "name": "Whisky Barrica Sherry Botella H.QUEEN",
    "description": "Whisky Barrica Sherry Botella 0,7 L",
    "category": "Licores y vermouth",
    "url": "https://tienda.consum.es/es/p/whisky-barrica-sherry-botella/7315484",
    "price": 9.59,
    "reference_price": 13.7,
    "iva": 21,
    "reference_unit": "1 L",
    "date": "2023-01-17"
  },
  {
    "id": 18846,
    "name": "Queso Cabra Rulo Unidad PRESIDENT",
    "description": "Queso Cabra Rulo Unidad 180 Gr",
    "category": "Brie, camembert y cremosos",
    "url": "https://tienda.consum.es/es/p/queso-cabra-rulo-unidad/7315661",
    "price": 3.65,
    "reference_price": 20.28,
    "iva": 0,
    "reference_unit": "1 Kg",
    "date": "2023-01-17"
  },
  {
    "id": 18847,
    "name": "Ambientador Eléctrico Delicias Verano Rec. AIR WICK",
    "description": "Ambientador Eléctrico Delicias Verano Rec. 1 U",
    "category": "Eléctricos y automáticos",
    "url": "https://tienda.consum.es/es/p/ambientador-electrico-delicias-verano-rec/7315729",
    "price": 4.99,
    "reference_price": 4.99,
    "iva": 21,
    "reference_unit": "1 U",
    "date": "2023-01-17"
  },
  {
    "id": 18849,
    "name": "Palito Queso y Anchoa 4 Unidades ",
    "description": "Palito Queso y Anchoa 4 Unidades 105 Gr",
    "category": "Empanadillas",
    "url": "https://tienda.consum.es/es/p/palito-queso-y-anchoa-4-unidades/7315950",
    "price": 1.45,
    "reference_price": 13.81,
    "iva": 10,
    "reference_unit": "1 Kg",
    "date": "2023-01-17"
  },
  {
    "id": 18853,
    "name": "Salchichas Frankfurt 2 Unidades CONSUM",
    "description": "Salchichas Frankfurt 2 Unidades 2 x 200 Gr",
    "category": "Salchichas",
    "url": "https://tienda.consum.es/es/p/salchichas-frankfurt-2-unidades/7269587",
    "price": 2.09,
    "reference_price": 5.23,
    "iva": 10,
    "reference_unit": "1 Kg",
    "date": "2023-01-17"
  },
  {
    "id": 18854,
    "name": "Salchichas Viena 2 Unidades CONSUM",
    "description": "Salchichas Viena 2 Unidades 2 x 175 Gr",
    "category": "Salchichas",
    "url": "https://tienda.consum.es/es/p/salchichas-viena-2-unidades/7269603",
    "price": 1.62,
    "reference_price": 4.63,
    "iva": 10,
    "reference_unit": "1 Kg",
    "date": "2023-01-17"
  },
  {
    "id": 18855,
    "name": "Aceite de Oliva Virgen Extra Lata ALDALUZ",
    "description": "Aceite de Oliva Virgen Extra Lata 3 L",
    "category": "Aceite y vinagre",
    "url": "https://tienda.consum.es/es/p/aceite-de-oliva-virgen-extra-lata/7285786",
    "price": 23.53,
    "reference_price": 7.84,
    "iva": 5,
    "reference_unit": "1 L",
    "date": "2023-01-17"
  },
  {
    "id": 18858,
    "name": "Mayonesa Tarro CONSUM",
    "description": "Mayonesa Tarro 450 ml",
    "category": "Mayonesa",
    "url": "https://tienda.consum.es/es/p/mayonesa-tarro/7309359",
    "price": 1.45,
    "reference_price": 3.22,
    "iva": 10,
    "reference_unit": "1 L",
    "date": "2023-01-17"
  },
  {
    "id": 18861,
    "name": "Crema Depilatoria Rostro y zonas Delicadas BODY NATUR",
    "description": "Crema Depilatoria Rostro y zonas Delicadas 20 ml",
    "category": "Crema, gel y spray",
    "url": "https://tienda.consum.es/es/p/crema-depilatoria-rostro-y-zonas-delicadas/7310423",
    "price": 2.75,
    "reference_price": 13.75,
    "iva": 21,
    "reference_unit": "100 ml",
    "date": "2023-01-17"
  },
  {
    "id": 18864,
    "name": "Comida Húmeda Gato Salmón - Zanahoria ONE",
    "description": "Comida Húmeda Gato Salmón - Zanahoria 4 x 85 Gr",
    "category": "Húmedo",
    "url": "https://tienda.consum.es/es/p/comida-humeda-gato-salmon---zanahoria/7313013",
    "price": 3.09,
    "reference_price": 9.09,
    "iva": 10,
    "reference_unit": "1 Kg",
    "date": "2023-01-17"
  },
  {
    "id": 18865,
    "name": "Comida Húmeda Gato Salmón-Pavo ONE",
    "description": "Comida Húmeda Gato Salmón-Pavo 4 x 85 Gr",
    "category": "Húmedo",
    "url": "https://tienda.consum.es/es/p/comida-humeda-gato-salmon-pavo/7313034",
    "price": 3.09,
    "reference_price": 9.09,
    "iva": 10,
    "reference_unit": "1 Kg",
    "date": "2023-01-17"
  },
  {
    "id": 18866,
    "name": "Vino Tinto Crianza D.O.Rioja AZPILICUETA",
    "description": "Vino Tinto Crianza D.O.Rioja 0,37 L",
    "category": "Vinos d.o",
    "url": "https://tienda.consum.es/es/p/vino-tinto-crianza-dorioja/7314219",
    "price": 5.29,
    "reference_price": 14.11,
    "iva": 21,
    "reference_unit": "1 L",
    "date": "2023-01-17"
  },
  {
    "id": 18870,
    "name": "Vino Blanco Roble D.O.Somontano SOMMOS",
    "description": "Vino Blanco Roble D.O.Somontano 0,75 L",
    "category": "Vinos d.o",
    "url": "https://tienda.consum.es/es/p/vino-blanco-roble-dosomontano/7314433",
    "price": 5.39,
    "reference_price": 7.19,
    "iva": 21,
    "reference_unit": "1 L",
    "date": "2023-01-17"
  },
  {
    "id": 18872,
    "name": "Filete Anchoa Cantábrico Aceite Girasol MSC Tarro REVUELTA",
    "description": "Filete Anchoa Cantábrico Aceite Girasol MSC Tarro 55 Gr",
    "category": "Anchoas",
    "url": "https://tienda.consum.es/es/p/filete-anchoa-cantabrico-aceite-girasol-msc-tarro/7315786",
    "price": 3.99,
    "reference_price": 72.55,
    "iva": 10,
    "reference_unit": "1 Kg",
    "date": "2023-01-17"
  },
  {
    "id": 18873,
    "name": "Filete Anchoa Cantábrico MSC en Aceite Oliva REVUELTA",
    "description": "Filete Anchoa Cantábrico MSC en Aceite Oliva 30 Gr",
    "category": "Anchoas",
    "url": "https://tienda.consum.es/es/p/filete-anchoa-cantabrico-msc-en-aceite-oliva/7315794",
    "price": 1.99,
    "reference_price": 6.63,
    "iva": 10,
    "reference_unit": "100 Gr",
    "date": "2023-01-17"
  },
  {
    "id": 18883,
    "name": "Colador Manga Franela 12 Cm METALTEX",
    "description": "Colador Manga Franela 12 Cm 1 U",
    "category": "Menaje cocina",
    "url": "https://tienda.consum.es/es/p/colador-manga-franela-12-cm/7171150",
    "price": 1.99,
    "reference_price": 1.99,
    "iva": 21,
    "reference_unit": "1 U",
    "date": "2023-01-17"
  },
  {
    "id": 18884,
    "name": "Cubo de Reciclaje 17 Litros y 8 Litros TATAY",
    "description": "Cubo de Reciclaje 17 Litros y 8 Litros 1 U",
    "category": "Cubos y barreños",
    "url": "https://tienda.consum.es/es/p/cubo-de-reciclaje-17-litros-y-8-litros/7232572",
    "price": 19.5,
    "reference_price": 19.5,
    "iva": 21,
    "reference_unit": "1 U",
    "date": "2023-01-17"
  },
  {
    "id": 18886,
    "name": "Salsa Barbacoa CONSUM",
    "description": "Salsa Barbacoa 325 Gr",
    "category": "Brava, barbacoa y rosa",
    "url": "https://tienda.consum.es/es/p/salsa-barbacoa/7309396",
    "price": 1.3,
    "reference_price": 4,
    "iva": 10,
    "reference_unit": "1 Kg",
    "date": "2023-01-17"
  },
  {
    "id": 18887,
    "name": "Salsa Cocktail CONSUM",
    "description": "Salsa Cocktail 300 ml",
    "category": "Brava, barbacoa y rosa",
    "url": "https://tienda.consum.es/es/p/salsa-cocktail/7309409",
    "price": 1.3,
    "reference_price": 4.33,
    "iva": 10,
    "reference_unit": "1 L",
    "date": "2023-01-17"
  },
  {
    "id": 18891,
    "name": "Crema Decolorante Rostro y Cuerpo BODY NATUR",
    "description": "Crema Decolorante Rostro y Cuerpo 100 ml",
    "category": "Crema, gel y spray",
    "url": "https://tienda.consum.es/es/p/crema-decolorante-rostro-y-cuerpo/7310449",
    "price": 4.29,
    "reference_price": 4.29,
    "iva": 21,
    "reference_unit": "100 ml",
    "date": "2023-01-17"
  },
  {
    "id": 18895,
    "name": "Soja Texturizada Paquete ESGIR",
    "description": "Soja Texturizada Paquete 350 Gr",
    "category": "Legumbres Texturizadas",
    "url": "https://tienda.consum.es/es/p/soja-texturizada-paquete/7312049",
    "price": 2.49,
    "reference_price": 7.11,
    "iva": 10,
    "reference_unit": "1 Kg",
    "date": "2023-01-17"
  },
  {
    "id": 18897,
    "name": "Crema de Cacao Original Vaso Cristal NOCILLA",
    "description": "Crema de Cacao Original Vaso Cristal 360 Gr",
    "category": "Cremas de desayuno",
    "url": "https://tienda.consum.es/es/p/crema-de-cacao-original-vaso-cristal/7314131",
    "price": 3.25,
    "reference_price": 9.03,
    "iva": 10,
    "reference_unit": "1 Kg",
    "date": "2023-01-17"
  },
  {
    "id": 18905,
    "name": "Compresa Maxi Sin Alas Fina&Segura EVAX",
    "description": "Compresa Maxi Sin Alas Fina&Segura 13 U",
    "category": "Compresas y protegeslips",
    "url": "https://tienda.consum.es/es/p/compresa-maxi-sin-alas-finasegura/7315430",
    "price": 1.6,
    "reference_price": 0.12,
    "iva": 4,
    "reference_unit": "1 U",
    "date": "2023-01-17"
  },
  {
    "id": 18906,
    "name": "Sal Rosa del Himalaya Paquete SAL BUENO",
    "description": "Sal Rosa del Himalaya Paquete 400 Gr",
    "category": "Sal y especias",
    "url": "https://tienda.consum.es/es/p/sal-rosa-del-himalaya-paquete/7315836",
    "price": 2.79,
    "reference_price": 6.98,
    "iva": 10,
    "reference_unit": "1 Kg",
    "date": "2023-01-17"
  },
  {
    "id": 18907,
    "name": "Sal de Mesa Hiposódica Salero SAL BUENO",
    "description": "Sal de Mesa Hiposódica Salero 125 Gr",
    "category": "Sal y especias",
    "url": "https://tienda.consum.es/es/p/sal-de-mesa-hiposodica-salero/7315851",
    "price": 1.25,
    "reference_price": 10,
    "iva": 10,
    "reference_unit": "1 Kg",
    "date": "2023-01-17"
  },
  {
    "id": 18911,
    "name": "Refresco Cola Zero Zero Pet COCA-COLA",
    "description": "Refresco Cola Zero Zero Pet 0,5 L",
    "category": "Cola",
    "url": "https://tienda.consum.es/es/p/refresco-cola-zero-zero-pet/7316123",
    "price": 1.39,
    "reference_price": 2.78,
    "iva": 21,
    "reference_unit": "1 L",
    "date": "2023-01-17"
  },
  {
    "id": 18915,
    "name": "Crema Suavizante Total Repair ELVIVE",
    "description": "Crema Suavizante Total Repair 300 ml",
    "category": "Acondicionadores",
    "url": "https://tienda.consum.es/es/p/crema-suavizante-total-repair/7316271",
    "price": 3.35,
    "reference_price": 1.12,
    "iva": 21,
    "reference_unit": "100 ml",
    "date": "2023-01-17"
  },
  {
    "id": 18916,
    "name": "Acondicionador Color Vive ELVIVE",
    "description": "Acondicionador Color Vive 300 ml",
    "category": "Acondicionadores",
    "url": "https://tienda.consum.es/es/p/acondicionador-color-vive/7316284",
    "price": 3.35,
    "reference_price": 1.12,
    "iva": 21,
    "reference_unit": "100 ml",
    "date": "2023-01-17"
  },
  {
    "id": 18925,
    "name": "Tónica Mediterránea Cristal Pack de 4 FEVER TREE",
    "description": "Tónica Mediterránea Cristal Pack de 4 4 x 0,2 L",
    "category": "Tónica",
    "url": "https://tienda.consum.es/es/p/tonica-mediterranea-cristal-pack-de-4/7316367",
    "price": 6.15,
    "reference_price": 7.69,
    "iva": 21,
    "reference_unit": "1 L",
    "date": "2023-01-17"
  },
  {
    "id": 18941,
    "name": "Bote Cocina Transparente 1.5 Litros TATAY",
    "description": "Bote Cocina Transparente 1.5 Litros 1 U",
    "category": "Conservación alimentos",
    "url": "https://tienda.consum.es/es/p/bote-cocina-transparente-15-litros/7273159",
    "price": 4.59,
    "reference_price": 4.59,
    "iva": 21,
    "reference_unit": "1 U",
    "date": "2023-01-17"
  },
  {
    "id": 18947,
    "name": "Pistacho con Cáscara Crudo Bolsa CONSUM",
    "description": "Pistacho con Cáscara Crudo Bolsa 150 Gr",
    "category": "Otros frutos secos",
    "url": "https://tienda.consum.es/es/p/pistacho-con-cascara-crudo-bolsa/7292266",
    "price": 2.39,
    "reference_price": 15.93,
    "iva": 0,
    "reference_unit": "1 Kg",
    "date": "2023-01-17"
  },
  {
    "id": 18958,
    "name": "Piña Del Monte Partida DEL MONTE",
    "description": "Piña Del Monte Partida",
    "category": "Fruta tropical",
    "url": "https://tienda.consum.es/es/p/pina-del-monte-partida/7309888",
    "price": 2.73,
    "reference_price": 2.59,
    "iva": 0,
    "reference_unit": "1 Kg",
    "date": "2023-01-17"
  },
  {
    "id": 18961,
    "name": "Vino Tinto Roble D.O.Somontano SOMMOS",
    "description": "Vino Tinto Roble D.O.Somontano 0,75 L",
    "category": "Vinos d.o",
    "url": "https://tienda.consum.es/es/p/vino-tinto-roble-dosomontano/7314420",
    "price": 5.39,
    "reference_price": 7.19,
    "iva": 21,
    "reference_unit": "1 L",
    "date": "2023-01-17"
  },
  {
    "id": 18973,
    "name": "Comida Húmeda Gatos Casserole Aves WHISKAS",
    "description": "Comida Húmeda Gatos Casserole Aves 4 x 85 Gr",
    "category": "Húmedo",
    "url": "https://tienda.consum.es/es/p/comida-humeda-gatos-casserole-aves/7315641",
    "price": 2.49,
    "reference_price": 7.32,
    "iva": 10,
    "reference_unit": "1 Kg",
    "date": "2023-01-17"
  },
  {
    "id": 18991,
    "name": "Carbón Vegetal Premium Bolsa LOS RIVERA",
    "description": "Carbón Vegetal Premium Bolsa 3 Kg",
    "category": "Barbacoa, piscina y playa",
    "url": "https://tienda.consum.es/es/p/carbon-vegetal-premium-bolsa/7316644",
    "price": 3.9,
    "reference_price": 1.3,
    "iva": 21,
    "reference_unit": "1 Kg",
    "date": "2023-01-17"
  },
  {
    "id": 18995,
    "name": "Burger Ternera Gallega COREN",
    "description": "Burger Ternera Gallega 240 Gr",
    "category": "Picadas y hamburguesas",
    "url": "https://tienda.consum.es/es/p/burger-ternera-gallega/7316920",
    "price": 3.89,
    "reference_price": 16.21,
    "iva": 10,
    "reference_unit": "1 Kg",
    "date": "2023-01-17"
  },
  {
    "id": 18996,
    "name": "Bicarbonato 1 Kg EL VESUBIO",
    "description": "Bicarbonato 1 Kg 1 Kg",
    "category": "Bicarbonato",
    "url": "https://tienda.consum.es/es/p/bicarbonato-1-kg/7317162",
    "price": 1.5,
    "reference_price": 1.5,
    "iva": 10,
    "reference_unit": "1 Kg",
    "date": "2023-01-17"
  },
  {
    "id": 18997,
    "name": "Burrata Vassetto SPIGA",
    "description": "Burrata Vassetto 125 Gr",
    "category": "Frescos y para ensaladas",
    "url": "https://tienda.consum.es/es/p/burrata-vassetto/7317170",
    "price": 2.78,
    "reference_price": 22.24,
    "iva": 0,
    "reference_unit": "1 Kg",
    "date": "2023-01-17"
  },
  {
    "id": 18998,
    "name": "Jugo de Coco Ligero para Cocinar Lata AMPRO",
    "description": "Jugo de Coco Ligero para Cocinar Lata 400 ml",
    "category": "Bebidas vegetales",
    "url": "https://tienda.consum.es/es/p/jugo-de-coco-ligero-para-cocinar-lata/7317238",
    "price": 1.59,
    "reference_price": 3.98,
    "iva": 10,
    "reference_unit": "1 L",
    "date": "2023-01-17"
  },
  {
    "id": 18999,
    "name": "Pizza Jamón y Queso sin Gluten y sin Lactosa TARRADELLAS",
    "description": "Pizza Jamón y Queso sin Gluten y sin Lactosa 420 Gr",
    "category": "Pizza refrigerada",
    "url": "https://tienda.consum.es/es/p/pizza-jamon-y-queso-sin-gluten-y-sin-lactosa/7317246",
    "price": 3.39,
    "reference_price": 8.07,
    "iva": 10,
    "reference_unit": "1 Kg",
    "date": "2023-01-17"
  },
  {
    "id": 19000,
    "name": "Queso Pok Añejo Ya cortado G.BAQUERO",
    "description": "Queso Pok Añejo Ya cortado 200 Gr",
    "category": "Quesos Curados",
    "url": "https://tienda.consum.es/es/p/queso-pok-anejo-ya-cortado/7317287",
    "price": 4.59,
    "reference_price": 22.95,
    "iva": 0,
    "reference_unit": "1 Kg",
    "date": "2023-01-17"
  },
  {
    "id": 19001,
    "name": "Queso Tierno Ya Cortado G.BAQUERO",
    "description": "Queso Tierno Ya Cortado 250 Gr",
    "category": "Tiernos y light",
    "url": "https://tienda.consum.es/es/p/queso-tierno-ya-cortado/7317295",
    "price": 4.32,
    "reference_price": 17.28,
    "iva": 0,
    "reference_unit": "1 Kg",
    "date": "2023-01-17"
  },
  {
    "id": 19010,
    "name": "Calamar ",
    "description": "Calamar",
    "category": "Calamar y sepia",
    "url": "https://tienda.consum.es/es/p/calamar/7209497",
    "price": 8.95,
    "reference_price": 8.95,
    "iva": 10,
    "reference_unit": "1 Kg",
    "date": "2023-01-17"
  },
  {
    "id": 19012,
    "name": "Corvina Rex Entera o Mitades ",
    "description": "Corvina Rex Entera o Mitades - Pieza 1,3 Kg aprox.",
    "category": "Pescado blanco",
    "url": "https://tienda.consum.es/es/p/corvina-rex-entera-o-mitades/7214836",
    "price": 10.61,
    "reference_price": 7.85,
    "iva": 10,
    "reference_unit": "1 Kg",
    "date": "2023-01-17"
  },
  {
    "id": 19015,
    "name": "Carabinero Med. 12-15 Piezas Caja ",
    "description": "Carabinero Med. 12-15 Piezas Caja 500 Gr- Congelado",
    "category": "Marisco",
    "url": "https://tienda.consum.es/es/p/carabinero-med-12-15-piezas-caja/7247422",
    "price": 42.5,
    "reference_price": 85,
    "iva": 10,
    "reference_unit": "1 Kg",
    "date": "2023-01-17"
  },
  {
    "id": 19021,
    "name": "Chirla Malla 500 Gr. PVP Kilo Aprox.8,70¤ ",
    "description": "Chirla Malla 500 Gr. PVP Kilo Aprox.8,70¤ 1 U",
    "category": "Marisco",
    "url": "https://tienda.consum.es/es/p/chirla-malla-500-gr-pvp-kilo-aprox870/7263767",
    "price": 4.35,
    "reference_price": 8.7,
    "iva": 10,
    "reference_unit": "1 Kg",
    "date": "2023-01-17"
  },
  {
    "id": 19029,
    "name": "Rollo Antideslizante 32x150 CM ",
    "description": "Rollo Antideslizante 32x150 CM 1 U",
    "category": "Menaje cocina",
    "url": "https://tienda.consum.es/es/p/rollo-antideslizante-32x150-cm/7171416",
    "price": 3.99,
    "reference_price": 3.99,
    "iva": 21,
    "reference_unit": "1 U",
    "date": "2023-01-17"
  },
  {
    "id": 19038,
    "name": "Masa de Hojaldre con Mantequilla TARRADELLAS",
    "description": "Masa de Hojaldre con Mantequilla 260 Gr",
    "category": "Refrigeradas",
    "url": "https://tienda.consum.es/es/p/masa-de-hojaldre-con-mantequilla/7281967",
    "price": 1.79,
    "reference_price": 6.88,
    "iva": 10,
    "reference_unit": "1 Kg",
    "date": "2023-01-17"
  },
  {
    "id": 19046,
    "name": "Vino Blanco D.O.Valencia LA TRACA",
    "description": "Vino Blanco D.O.Valencia 0,75 L",
    "category": "Vinos d.o",
    "url": "https://tienda.consum.es/es/p/vino-blanco-dovalencia/7314888",
    "price": 4.35,
    "reference_price": 5.8,
    "iva": 21,
    "reference_unit": "1 L",
    "date": "2023-01-17"
  },
  {
    "id": 19047,
    "name": "Arroz Salvaje y Basmati vasitos BRILLANTE",
    "description": "Arroz Salvaje y Basmati vasitos 2 x 125 Gr",
    "category": "Arroz, pastas, legumbres",
    "url": "https://tienda.consum.es/es/p/arroz-salvaje-y-basmati-vasitos/7315047",
    "price": 1.65,
    "reference_price": 6.6,
    "iva": 10,
    "reference_unit": "1 Kg",
    "date": "2023-01-17"
  },
  {
    "id": 19050,
    "name": "Cereales Mix Variety Pack de 6 NESTLE",
    "description": "Cereales Mix Variety Pack de 6 190 Gr",
    "category": "Cereales",
    "url": "https://tienda.consum.es/es/p/cereales-mix-variety-pack-de-6/7316008",
    "price": 3.99,
    "reference_price": 21,
    "iva": 10,
    "reference_unit": "1 Kg",
    "date": "2023-01-17"
  },
  {
    "id": 19051,
    "name": "Tomate Frito Casero Lata Pack de 3 SOLIS",
    "description": "Tomate Frito Casero Lata Pack de 3 3 x 100 Gr",
    "category": "Tomate",
    "url": "https://tienda.consum.es/es/p/tomate-frito-casero-lata-pack-de-3/7316086",
    "price": 1.85,
    "reference_price": 6.17,
    "iva": 10,
    "reference_unit": "1 Kg",
    "date": "2023-01-17"
  },
  {
    "id": 19057,
    "name": "Relleno Empanadas Frasco HIDA",
    "description": "Relleno Empanadas Frasco 290 Gr",
    "category": "Conservas, aceites y condimentos",
    "url": "https://tienda.consum.es/es/p/relleno-empanadas-frasco/7316458",
    "price": 2.15,
    "reference_price": 7.41,
    "iva": 10,
    "reference_unit": "1 Kg",
    "date": "2023-01-17"
  },
  {
    "id": 19059,
    "name": "Briqueta Carbón Premium LOS RIVERA",
    "description": "Briqueta Carbón Premium 3 Kg",
    "category": "Barbacoa, piscina y playa",
    "url": "https://tienda.consum.es/es/p/briqueta-carbon-premium/7316651",
    "price": 3.99,
    "reference_price": 1.33,
    "iva": 21,
    "reference_unit": "1 Kg",
    "date": "2023-01-17"
  },
  {
    "id": 19061,
    "name": "Regaliz Negro Gourmet FINI",
    "description": "Regaliz Negro Gourmet 128 Gr",
    "category": "Chicles, caramelos y gominolas",
    "url": "https://tienda.consum.es/es/p/regaliz-negro-gourmet/7317204",
    "price": 1.99,
    "reference_price": 17.16,
    "iva": 10,
    "reference_unit": "1 Kg",
    "date": "2023-01-17"
  },
  {
    "id": 19063,
    "name": "Pizza Pollo y Bacón con Masa 5 Semillas TARRADELLAS",
    "description": "Pizza Pollo y Bacón con Masa 5 Semillas 410 Gr",
    "category": "Pizza refrigerada",
    "url": "https://tienda.consum.es/es/p/pizza-pollo-y-bacon-con-masa-5-semillas/7317253",
    "price": 3.19,
    "reference_price": 7.78,
    "iva": 10,
    "reference_unit": "1 Kg",
    "date": "2023-01-17"
  },
  {
    "id": 19067,
    "name": "Queso Fresco Servilleta CAPRILLICE",
    "description": "Queso Fresco Servilleta 250 Gr",
    "category": "Frescos y para ensaladas",
    "url": "https://tienda.consum.es/es/p/queso-fresco-servilleta/7317436",
    "price": 2.5,
    "reference_price": 10,
    "iva": 0,
    "reference_unit": "1 Kg",
    "date": "2023-01-17"
  },
  {
    "id": 19069,
    "name": "Pastillas Activas Cloro más Detergente 40 KIDEL",
    "description": "Pastillas Activas Cloro más Detergente 40 1 U",
    "category": "Lejía normal y multiusos",
    "url": "https://tienda.consum.es/es/p/pastillas-activas-cloro-mas-detergente-40/7317535",
    "price": 1.39,
    "reference_price": 0.03,
    "iva": 21,
    "reference_unit": "1 U",
    "date": "2023-01-17"
  },
  {
    "id": 19078,
    "name": "Bollo sin Gluten ",
    "description": "Bollo sin Gluten 60 Gr",
    "category": "Pan de horno",
    "url": "https://tienda.consum.es/es/p/bollo-sin-gluten/7295371",
    "price": 0.91,
    "reference_price": 15.17,
    "iva": 0,
    "reference_unit": "1 Kg",
    "date": "2023-01-17"
  },
  {
    "id": 19084,
    "name": "Tomate Frito Ecológico Frasco CONSUM ECO",
    "description": "Tomate Frito Ecológico Frasco 290 Gr",
    "category": "Conservas, aceites y condimentos",
    "url": "https://tienda.consum.es/es/p/tomate-frito-ecologico-frasco/7306959",
    "price": 2.99,
    "reference_price": 10.31,
    "iva": 10,
    "reference_unit": "1 Kg",
    "date": "2023-01-17"
  },
  {
    "id": 19087,
    "name": "Crema de Cacao Original Vaso Cristal NOCILLA",
    "description": "Crema de Cacao Original Vaso Cristal 180 Gr",
    "category": "Cremas de desayuno",
    "url": "https://tienda.consum.es/es/p/crema-de-cacao-original-vaso-cristal/7314136",
    "price": 2.19,
    "reference_price": 12.17,
    "iva": 10,
    "reference_unit": "1 Kg",
    "date": "2023-01-17"
  },
  {
    "id": 19088,
    "name": "Crema Cacao Chocoleche Vaso Cristal NOCILLA",
    "description": "Crema Cacao Chocoleche Vaso Cristal 180 Gr",
    "category": "Cremas de desayuno",
    "url": "https://tienda.consum.es/es/p/crema-cacao-chocoleche-vaso-cristal/7314149",
    "price": 2.19,
    "reference_price": 12.17,
    "iva": 10,
    "reference_unit": "1 Kg",
    "date": "2023-01-17"
  },
  {
    "id": 19090,
    "name": "Galletas Marbú Centeno Con Azúcar Moreno ARTIACH",
    "description": "Galletas Marbú Centeno Con Azúcar Moreno 600 Gr",
    "category": "Desayuno y maría",
    "url": "https://tienda.consum.es/es/p/galletas-marbu-centeno-con-azucar-moreno/7315422",
    "price": 4.49,
    "reference_price": 7.48,
    "iva": 10,
    "reference_unit": "1 Kg",
    "date": "2023-01-17"
  },
  {
    "id": 19097,
    "name": "Tonyina de Sorra Lonchas en Aceite ANGOMAR",
    "description": "Tonyina de Sorra Lonchas en Aceite 50 Gr",
    "category": "Surimis y salazones",
    "url": "https://tienda.consum.es/es/p/tonyina-de-sorra-lonchas-en-aceite/7316904",
    "price": 2.49,
    "reference_price": 49.8,
    "iva": 10,
    "reference_unit": "1 Kg",
    "date": "2023-01-17"
  },
  {
    "id": 19098,
    "name": "Cacao Soluble con Fibra 0% Azúcar COLA CAO",
    "description": "Cacao Soluble con Fibra 0% Azúcar 300 Gr",
    "category": "Cacao soluble",
    "url": "https://tienda.consum.es/es/p/cacao-soluble-con-fibra-0-azucar/7317188",
    "price": 3.79,
    "reference_price": 12.63,
    "iva": 10,
    "reference_unit": "1 Kg",
    "date": "2023-01-17"
  },
  {
    "id": 19102,
    "name": "Queso Old Amsterdam Cortadas WESTLAND",
    "description": "Queso Old Amsterdam Cortadas 200 Gr",
    "category": "Bola, edam, gouda, maasdam",
    "url": "https://tienda.consum.es/es/p/queso-old-amsterdam-cortadas/7317311",
    "price": 4.32,
    "reference_price": 21.6,
    "iva": 0,
    "reference_unit": "1 Kg",
    "date": "2023-01-17"
  },
  {
    "id": 19103,
    "name": "Combinado Whisky Cola Lata JACK DANIELS",
    "description": "Combinado Whisky Cola Lata 0,33 L",
    "category": "Licores y vermouth",
    "url": "https://tienda.consum.es/es/p/combinado-whisky-cola-lata/7317340",
    "price": 2.6,
    "reference_price": 7.88,
    "iva": 21,
    "reference_unit": "1 L",
    "date": "2023-01-17"
  },
  {
    "id": 19123,
    "name": "Jamón Cocido Extra Finas Lonchas CONSUM",
    "description": "Jamón Cocido Extra Finas Lonchas 160 Gr",
    "category": "Jamón cocido - york",
    "url": "https://tienda.consum.es/es/p/jamon-cocido-extra-finas-lonchas/7293749",
    "price": 1.66,
    "reference_price": 10.38,
    "iva": 10,
    "reference_unit": "1 Kg",
    "date": "2023-01-17"
  },
  {
    "id": 19126,
    "name": "Tabla 3 Quesos D.O.P. Quesos Franceses CANTOREL",
    "description": "Tabla 3 Quesos D.O.P. Quesos Franceses 215 Gr",
    "category": "Tablas",
    "url": "https://tienda.consum.es/es/p/tabla-3-quesos-dop-quesos-franceses/7309818",
    "price": 3.7,
    "reference_price": 17.21,
    "iva": 0,
    "reference_unit": "1 Kg",
    "date": "2023-01-17"
  },
  {
    "id": 19135,
    "name": "Cacahuete Chocolate con Leche PRUNITA",
    "description": "Cacahuete Chocolate con Leche 250 Gr",
    "category": "Chocolatinas y bombones",
    "url": "https://tienda.consum.es/es/p/cacahuete-chocolate-con-leche/7317209",
    "price": 2.05,
    "reference_price": 8.2,
    "iva": 10,
    "reference_unit": "1 Kg",
    "date": "2023-01-17"
  },
  {
    "id": 19136,
    "name": "Bolsa para Residuos Recambios MASCOTY",
    "description": "Bolsa para Residuos Recambios 3 x 12 U",
    "category": "Cuidado e higiene",
    "url": "https://tienda.consum.es/es/p/bolsa-para-residuos-recambios/7317241",
    "price": 0.99,
    "reference_price": 0.03,
    "iva": 21,
    "reference_unit": "1 U",
    "date": "2023-01-17"
  },
  {
    "id": 19137,
    "name": "Bizcochitos Frambuesa MELS",
    "description": "Bizcochitos Frambuesa 135 Gr",
    "category": "Desayuno y merienda infantil",
    "url": "https://tienda.consum.es/es/p/bizcochitos-frambuesa/7317378",
    "price": 0.89,
    "reference_price": 6.59,
    "iva": 10,
    "reference_unit": "1 Kg",
    "date": "2023-01-17"
  },
  {
    "id": 19138,
    "name": "Bizcochitos Naranja MELS",
    "description": "Bizcochitos Naranja 135 Gr",
    "category": "Desayuno y merienda infantil",
    "url": "https://tienda.consum.es/es/p/bizcochitos-naranja/7317381",
    "price": 0.89,
    "reference_price": 6.59,
    "iva": 10,
    "reference_unit": "1 Kg",
    "date": "2023-01-17"
  },
  {
    "id": 19140,
    "name": "Queso Proteínico EATLEAN",
    "description": "Queso Proteínico 200 Gr",
    "category": "Tiernos y light",
    "url": "https://tienda.consum.es/es/p/queso-proteinico/7317548",
    "price": 3.36,
    "reference_price": 16.8,
    "iva": 0,
    "reference_unit": "1 Kg",
    "date": "2023-01-17"
  },
  {
    "id": 19145,
    "name": "Jamón Serrano Natural Gran Reserva REDONDO I.",
    "description": "Jamón Serrano Natural Gran Reserva 100 Gr",
    "category": "Jamón",
    "url": "https://tienda.consum.es/es/p/jamon-serrano-natural-gran-reserva/7318272",
    "price": 2.99,
    "reference_price": 29.9,
    "iva": 10,
    "reference_unit": "1 Kg",
    "date": "2023-01-17"
  },
  {
    "id": 19155,
    "name": "Café Molido Natural Colombia 100% Arábica CONSUM",
    "description": "Café Molido Natural Colombia 100% Arábica 250 Gr",
    "category": "Café Molido natural",
    "url": "https://tienda.consum.es/es/p/cafe-molido-natural-colombia-100-arabica/7286644",
    "price": 2.95,
    "reference_price": 11.8,
    "iva": 10,
    "reference_unit": "1 Kg",
    "date": "2023-01-17"
  },
  {
    "id": 19157,
    "name": "Margarina Light Oliva Tarrina CONSUM",
    "description": "Margarina Light Oliva Tarrina 250 Gr",
    "category": "Mantequilla y margarina",
    "url": "https://tienda.consum.es/es/p/margarina-light-oliva-tarrina/7310071",
    "price": 1.35,
    "reference_price": 5.4,
    "iva": 10,
    "reference_unit": "1 Kg",
    "date": "2023-01-17"
  },
  {
    "id": 19160,
    "name": "Fabada Asturiana -30% Grasa LITORAL",
    "description": "Fabada Asturiana -30% Grasa 435 Gr",
    "category": "Conservas",
    "url": "https://tienda.consum.es/es/p/fabada-asturiana--30-grasa/7316466",
    "price": 2.29,
    "reference_price": 5.45,
    "iva": 10,
    "reference_unit": "1 Kg",
    "date": "2023-01-17"
  },
  {
    "id": 19162,
    "name": "Colgador WC Oceánico CONSUM",
    "description": "Colgador WC Oceánico 2 U",
    "category": "Limpieza baños",
    "url": "https://tienda.consum.es/es/p/colgador-wc-oceanico/7316636",
    "price": 1.3,
    "reference_price": 0.65,
    "iva": 21,
    "reference_unit": "1 U",
    "date": "2023-01-17"
  },
  {
    "id": 19163,
    "name": "Colgador WC Pino CONSUM",
    "description": "Colgador WC Pino 2 U",
    "category": "Limpieza baños",
    "url": "https://tienda.consum.es/es/p/colgador-wc-pino/7316656",
    "price": 1.3,
    "reference_price": 0.65,
    "iva": 21,
    "reference_unit": "1 U",
    "date": "2023-01-17"
  },
  {
    "id": 19166,
    "name": "Lápices Noris 2 HB STAEDTLER",
    "description": "Lápices Noris 2 HB 4 U",
    "category": "Papelería y juguetes",
    "url": "https://tienda.consum.es/es/p/lapices-noris-2-hb/7317001",
    "price": 2.65,
    "reference_price": 0.66,
    "iva": 21,
    "reference_unit": "1 U",
    "date": "2023-01-17"
  },
  {
    "id": 19170,
    "name": "Queso de Oveja Trufado L. de Oveja Pasteurizada V.SOTUELAMOS",
    "description": "Queso de Oveja Trufado L. de Oveja Pasteurizada",
    "category": "Quesos Curados",
    "url": "https://tienda.consum.es/es/p/queso-de-oveja-trufado-l-de-oveja-pasteurizada/7317449",
    "price": 23.94,
    "reference_price": 23.94,
    "iva": 0,
    "reference_unit": "1 Kg",
    "date": "2023-01-17"
  },
  {
    "id": 19171,
    "name": "Queso Bavaria Blue Mini BERGADER",
    "description": "Queso Bavaria Blue Mini 150 Gr",
    "category": "Roquefort y azules",
    "url": "https://tienda.consum.es/es/p/queso-bavaria-blue-mini/7317808",
    "price": 2.21,
    "reference_price": 14.73,
    "iva": 0,
    "reference_unit": "1 Kg",
    "date": "2023-01-17"
  },
  {
    "id": 19175,
    "name": "Champú antipiojos AL COLE",
    "description": "Champú antipiojos 200 ml",
    "category": "Lociones",
    "url": "https://tienda.consum.es/es/p/champu-antipiojos/7317936",
    "price": 3.69,
    "reference_price": 1.85,
    "iva": 21,
    "reference_unit": "100 ml",
    "date": "2023-01-17"
  },
  {
    "id": 19181,
    "name": "Queso Oveja Curado a la Trufa CARMEN",
    "description": "Queso Oveja Curado a la Trufa 200 Gr",
    "category": "Quesos Curados",
    "url": "https://tienda.consum.es/es/p/queso-oveja-curado-a-la-trufa/7318298",
    "price": 4.28,
    "reference_price": 21.4,
    "iva": 0,
    "reference_unit": "1 Kg",
    "date": "2023-01-17"
  },
  {
    "id": 19183,
    "name": "Guante Segunda Piel Talla 7 SPONTEX",
    "description": "Guante Segunda Piel Talla 7 1 U",
    "category": "Guantes domésticos",
    "url": "https://tienda.consum.es/es/p/guante-segunda-piel-talla-7/7318327",
    "price": 3.75,
    "reference_price": 3.75,
    "iva": 21,
    "reference_unit": "1 U",
    "date": "2023-01-17"
  },
  {
    "id": 19184,
    "name": "Guante Segunda Piel Talla 6 SPONTEX",
    "description": "Guante Segunda Piel Talla 6 1 U",
    "category": "Guantes domésticos",
    "url": "https://tienda.consum.es/es/p/guante-segunda-piel-talla-6/7318330",
    "price": 3.75,
    "reference_price": 3.75,
    "iva": 21,
    "reference_unit": "1 U",
    "date": "2023-01-17"
  },
  {
    "id": 19186,
    "name": "Saladitos HORNO TRADIC",
    "description": "Saladitos 250 Gr",
    "category": "Rosquilletas, picos y snacks",
    "url": "https://tienda.consum.es/es/p/saladitos/7318355",
    "price": 1.4,
    "reference_price": 5.6,
    "iva": 10,
    "reference_unit": "1 Kg",
    "date": "2023-01-17"
  },
  {
    "id": 19190,
    "name": "Pechuga Pavo Braseada Finas Lonchas CONSUM",
    "description": "Pechuga Pavo Braseada Finas Lonchas 160 Gr",
    "category": "Fiambres ave",
    "url": "https://tienda.consum.es/es/p/pechuga-pavo-braseada-finas-lonchas/7293751",
    "price": 1.95,
    "reference_price": 12.19,
    "iva": 10,
    "reference_unit": "1 Kg",
    "date": "2023-01-17"
  },
  {
    "id": 19191,
    "name": "Bonito del Norte con Aceite Oliva Ecologico CONSUM",
    "description": "Bonito del Norte con Aceite Oliva Ecologico 138 Gr",
    "category": "Conservas, aceites y condimentos",
    "url": "https://tienda.consum.es/es/p/bonito-del-norte-con-aceite-oliva-ecologico/7303857",
    "price": 5.29,
    "reference_price": 38.33,
    "iva": 10,
    "reference_unit": "1 Kg",
    "date": "2023-01-17"
  },
  {
    "id": 19192,
    "name": "Café Espresso Suave Cápsulas CONSUM",
    "description": "Café Espresso Suave Cápsulas 10 U",
    "category": "Café en cápsulas",
    "url": "https://tienda.consum.es/es/p/cafe-espresso-suave-capsulas/7305683",
    "price": 1.85,
    "reference_price": 0.19,
    "iva": 10,
    "reference_unit": "1 U",
    "date": "2023-01-17"
  },
  {
    "id": 19193,
    "name": "Café Espresso Intenso Cápsulas CONSUM",
    "description": "Café Espresso Intenso Cápsulas 10 U",
    "category": "Café en cápsulas",
    "url": "https://tienda.consum.es/es/p/cafe-espresso-intenso-capsulas/7305688",
    "price": 1.85,
    "reference_price": 0.19,
    "iva": 10,
    "reference_unit": "1 U",
    "date": "2023-01-17"
  },
  {
    "id": 19194,
    "name": "Café Extra Intenso Cápsulas CONSUM",
    "description": "Café Extra Intenso Cápsulas 10 U",
    "category": "Café en cápsulas",
    "url": "https://tienda.consum.es/es/p/cafe-extra-intenso-capsulas/7305691",
    "price": 1.85,
    "reference_price": 0.19,
    "iva": 10,
    "reference_unit": "1 U",
    "date": "2023-01-17"
  },
  {
    "id": 19201,
    "name": "Magdalena Integral Edulcorada 4 Unidades ",
    "description": "Magdalena Integral Edulcorada 4 Unidades 240 Gr",
    "category": "Magdalenas",
    "url": "https://tienda.consum.es/es/p/magdalena-integral-edulcorada-4-unidades/7317543",
    "price": 1.99,
    "reference_price": 8.29,
    "iva": 10,
    "reference_unit": "1 Kg",
    "date": "2023-01-17"
  },
  {
    "id": 19210,
    "name": "Aceitunas Negras en Rodajas Tarro JOLCA",
    "description": "Aceitunas Negras en Rodajas Tarro 110 Gr",
    "category": "Aceitunas sin hueso",
    "url": "https://tienda.consum.es/es/p/aceitunas-negras-en-rodajas-tarro/7318426",
    "price": 1.39,
    "reference_price": 12.64,
    "iva": 10,
    "reference_unit": "1 Kg",
    "date": "2023-01-17"
  },
  {
    "id": 19215,
    "name": "Pastillas Lavavajillas todo en uno 60 Cápsulas FAIRY",
    "description": "Pastillas Lavavajillas todo en uno 60 Cápsulas",
    "category": "Lavavajillas a máquina",
    "url": "https://tienda.consum.es/es/p/pastillas-lavavajillas-todo-en-uno-60-capsulas/7318678",
    "price": 9.95,
    "reference_price": 0.17,
    "iva": 21,
    "reference_unit": "1 Do",
    "date": "2023-01-17"
  },
  {
    "id": 19222,
    "name": "Café Descafeinado Cápsulas CONSUM",
    "description": "Café Descafeinado Cápsulas 10 U",
    "category": "Café en cápsulas",
    "url": "https://tienda.consum.es/es/p/cafe-descafeinado-capsulas/7305696",
    "price": 1.85,
    "reference_price": 0.19,
    "iva": 10,
    "reference_unit": "1 U",
    "date": "2023-01-17"
  },
  {
    "id": 19223,
    "name": "Fácil de Untar con Mantequilla CONSUM",
    "description": "Fácil de Untar con Mantequilla 250 Gr",
    "category": "Mantequilla y margarina",
    "url": "https://tienda.consum.es/es/p/facil-de-untar-con-mantequilla/7310089",
    "price": 2.15,
    "reference_price": 8.6,
    "iva": 10,
    "reference_unit": "1 Kg",
    "date": "2023-01-17"
  },
  {
    "id": 19224,
    "name": "Nesquik Cápsulas DOLCE GUSTO",
    "description": "Nesquik Cápsulas 16 U",
    "category": "Café en cápsulas",
    "url": "https://tienda.consum.es/es/p/nesquik-capsulas/7316482",
    "price": 4.89,
    "reference_price": 0.31,
    "iva": 10,
    "reference_unit": "1 U",
    "date": "2023-01-17"
  },
  {
    "id": 19226,
    "name": "Cereal Froot Loops KELLOGG'S",
    "description": "Cereal Froot Loops 375 Gr",
    "category": "Cereales",
    "url": "https://tienda.consum.es/es/p/cereal-froot-loops/7317647",
    "price": 3.69,
    "reference_price": 9.84,
    "iva": 10,
    "reference_unit": "1 Kg",
    "date": "2023-01-17"
  },
  {
    "id": 19231,
    "name": "Apósitos surtidos tejido COSMOPLAST",
    "description": "Apósitos surtidos tejido 1 U",
    "category": "Bandas protectoras adhesivas",
    "url": "https://tienda.consum.es/es/p/apositos-surtidos-tejido/7318632",
    "price": 1.35,
    "reference_price": 1.35,
    "iva": 10,
    "reference_unit": "1 U",
    "date": "2023-01-17"
  },
  {
    "id": 19232,
    "name": "Apósitos agua COSMOPLAST",
    "description": "Apósitos agua 1 U",
    "category": "Bandas protectoras adhesivas",
    "url": "https://tienda.consum.es/es/p/apositos-agua/7318637",
    "price": 2.65,
    "reference_price": 2.65,
    "iva": 10,
    "reference_unit": "1 U",
    "date": "2023-01-17"
  },
  {
    "id": 19233,
    "name": "Cortacutículas PONETTE",
    "description": "Cortacutículas 1 U",
    "category": "Manicura y pedicura",
    "url": "https://tienda.consum.es/es/p/cortacuticulas/7318673",
    "price": 2.1,
    "reference_price": 2.1,
    "iva": 21,
    "reference_unit": "1 U",
    "date": "2023-01-17"
  },
  {
    "id": 19247,
    "name": "Cortauñas Pies PONETTE",
    "description": "Cortauñas Pies 1 U",
    "category": "Manicura y pedicura",
    "url": "https://tienda.consum.es/es/p/cortaunas-pies/7318595",
    "price": 1.9,
    "reference_price": 1.9,
    "iva": 21,
    "reference_unit": "1 U",
    "date": "2023-01-17"
  },
  {
    "id": 19249,
    "name": "Tijera de Uñas Punta Curvada PONETTE",
    "description": "Tijera de Uñas Punta Curvada 1 U",
    "category": "Manicura y pedicura",
    "url": "https://tienda.consum.es/es/p/tijera-de-unas-punta-curvada/7318660",
    "price": 4.25,
    "reference_price": 4.25,
    "iva": 21,
    "reference_unit": "1 U",
    "date": "2023-01-17"
  },
  {
    "id": 19250,
    "name": "Queso Rallado Estilo Italiano HOCHLAND",
    "description": "Queso Rallado Estilo Italiano 100 Gr",
    "category": "Quesos Rallados",
    "url": "https://tienda.consum.es/es/p/queso-rallado-estilo-italiano/7318897",
    "price": 1.43,
    "reference_price": 14.3,
    "iva": 0,
    "reference_unit": "1 Kg",
    "date": "2023-01-17"
  },
  {
    "id": 19251,
    "name": "Queso en Dados para Ensalada KEBU",
    "description": "Queso en Dados para Ensalada 110 Gr",
    "category": "Frescos y para ensaladas",
    "url": "https://tienda.consum.es/es/p/queso-en-dados-para-ensalada/7318900",
    "price": 2.55,
    "reference_price": 23.18,
    "iva": 0,
    "reference_unit": "1 Kg",
    "date": "2023-01-17"
  },
  {
    "id": 19257,
    "name": "Bebida Piña Coco Botella CONSUM",
    "description": "Bebida Piña Coco Botella 1 L",
    "category": "Zumos y néctares no refrigerados",
    "url": "https://tienda.consum.es/es/p/bebida-pina-coco-botella/7291110",
    "price": 0.99,
    "reference_price": 0.99,
    "iva": 21,
    "reference_unit": "1 L",
    "date": "2023-01-17"
  },
  {
    "id": 19263,
    "name": "Edamame en Grano congelado C.NAVARRA",
    "description": "Edamame en Grano congelado 250 Gr",
    "category": "Otras verduras",
    "url": "https://tienda.consum.es/es/p/edamame-en-grano-congelado/7317956",
    "price": 1.63,
    "reference_price": 6.52,
    "iva": 0,
    "reference_unit": "1 Kg",
    "date": "2023-01-17"
  },
  {
    "id": 19264,
    "name": "Cepillo Unisex Licencia GABBIANO",
    "description": "Cepillo Unisex Licencia 1 U",
    "category": "Peines y accesorios",
    "url": "https://tienda.consum.es/es/p/cepillo-unisex-licencia/7318108",
    "price": 2.99,
    "reference_price": 2.99,
    "iva": 21,
    "reference_unit": "1 U",
    "date": "2023-01-17"
  },
  {
    "id": 19268,
    "name": "Alicates de Uñas PONETTE",
    "description": "Alicates de Uñas 1 U",
    "category": "Manicura y pedicura",
    "url": "https://tienda.consum.es/es/p/alicates-de-unas/7318652",
    "price": 4.95,
    "reference_price": 4.95,
    "iva": 21,
    "reference_unit": "1 U",
    "date": "2023-01-17"
  },
  {
    "id": 19269,
    "name": "Pesto Rosso Frasco GALLO",
    "description": "Pesto Rosso Frasco 190 Gr",
    "category": "Otras salsas",
    "url": "https://tienda.consum.es/es/p/pesto-rosso-frasco/7318736",
    "price": 2.05,
    "reference_price": 10.79,
    "iva": 10,
    "reference_unit": "1 Kg",
    "date": "2023-01-17"
  },
  {
    "id": 19270,
    "name": "Burger Entrecot de Vaca ROLER",
    "description": "Burger Entrecot de Vaca 240 Gr",
    "category": "Picadas y hamburguesas",
    "url": "https://tienda.consum.es/es/p/burger-entrecot-de-vaca/7318814",
    "price": 3.89,
    "reference_price": 16.21,
    "iva": 10,
    "reference_unit": "1 Kg",
    "date": "2023-01-17"
  },
  {
    "id": 19271,
    "name": "Queso Plancha 2 Raciones EL VENTERO",
    "description": "Queso Plancha 2 Raciones 2 x 100 Gr",
    "category": "Frescos y para ensaladas",
    "url": "https://tienda.consum.es/es/p/queso-plancha-2-raciones/7318991",
    "price": 4.7,
    "reference_price": 23.5,
    "iva": 0,
    "reference_unit": "1 Kg",
    "date": "2023-01-17"
  },
  {
    "id": 19273,
    "name": "Huesos de Añojo ",
    "description": "Huesos de Añojo",
    "category": "Ternera y añojo",
    "url": "https://tienda.consum.es/es/p/huesos-de-anojo/465567",
    "price": 1.1,
    "reference_price": 4.99,
    "iva": 10,
    "reference_unit": "1 Kg",
    "date": "2023-01-17"
  },
  {
    "id": 19276,
    "name": "Pelota Cocido ",
    "description": "Pelota Cocido",
    "category": "Picadas y hamburguesas",
    "url": "https://tienda.consum.es/es/p/pelota-cocido/7166676",
    "price": 1.81,
    "reference_price": 7.25,
    "iva": 10,
    "reference_unit": "1 Kg",
    "date": "2023-01-17"
  },
  {
    "id": 19278,
    "name": "Cuarto Trasero de Pollo Certificado CONSUM",
    "description": "Cuarto Trasero de Pollo Certificado",
    "category": "Aves y conejo",
    "url": "https://tienda.consum.es/es/p/cuarto-trasero-de-pollo-certificado/7185002",
    "price": 1.65,
    "reference_price": 4.95,
    "iva": 10,
    "reference_unit": "1 Kg",
    "date": "2023-01-17"
  },
  {
    "id": 19279,
    "name": "Brocheta de Pollo ",
    "description": "Brocheta de Pollo 80 Gr (Unidad)",
    "category": "Otros elaborados",
    "url": "https://tienda.consum.es/es/p/brocheta-de-pollo/7253193",
    "price": 0.99,
    "reference_price": 12.38,
    "iva": 10,
    "reference_unit": "1 Kg",
    "date": "2023-01-17"
  },
  {
    "id": 19281,
    "name": "Higaditos de Conejo ",
    "description": "Higaditos de Conejo",
    "category": "Aves y conejo",
    "url": "https://tienda.consum.es/es/p/higaditos-de-conejo/7277155",
    "price": 1.51,
    "reference_price": 10.75,
    "iva": 10,
    "reference_unit": "1 Kg",
    "date": "2023-01-17"
  },
  {
    "id": 19282,
    "name": "Fritada Consum Frasco CONSUM",
    "description": "Fritada Consum Frasco 350 Gr",
    "category": "Tomate",
    "url": "https://tienda.consum.es/es/p/fritada-consum-frasco/7307320",
    "price": 1.15,
    "reference_price": 3.29,
    "iva": 10,
    "reference_unit": "1 Kg",
    "date": "2023-01-17"
  },
  {
    "id": 19283,
    "name": "Fideos Chinos Con Huevo SOUBRY",
    "description": "Fideos Chinos Con Huevo 250 Gr",
    "category": "Cocina internacional",
    "url": "https://tienda.consum.es/es/p/fideos-chinos-con-huevo/7316446",
    "price": 1.67,
    "reference_price": 6.68,
    "iva": 5,
    "reference_unit": "1 Kg",
    "date": "2023-01-17"
  },
  {
    "id": 19289,
    "name": "Comida Perros Seca Buey ULTIMA",
    "description": "Comida Perros Seca Buey 1,5 Kg",
    "category": "Seco",
    "url": "https://tienda.consum.es/es/p/comida-perros-seca-buey/7319049",
    "price": 6.95,
    "reference_price": 4.63,
    "iva": 10,
    "reference_unit": "1 Kg",
    "date": "2023-01-17"
  },
  {
    "id": 19290,
    "name": "Postre de Soja con Coco ALPRO",
    "description": "Postre de Soja con Coco 500 Gr",
    "category": "Soja",
    "url": "https://tienda.consum.es/es/p/postre-de-soja-con-coco/7319606",
    "price": 2.59,
    "reference_price": 5.18,
    "iva": 10,
    "reference_unit": "1 Kg",
    "date": "2023-01-17"
  },
  {
    "id": 19295,
    "name": "Manzana Royal Gala Ecológica CONSUM ECO",
    "description": "Manzana Royal Gala Ecológica 600 Gr",
    "category": "Manzana, pera y plátano",
    "url": "https://tienda.consum.es/es/p/manzana-royal-gala-ecologica/7320026",
    "price": 2.3,
    "reference_price": 3.83,
    "iva": 0,
    "reference_unit": "1 Kg",
    "date": "2023-01-17"
  },
  {
    "id": 19298,
    "name": "Detergente en Polvo Marsella CONSUM",
    "description": "Detergente en Polvo Marsella 36 Lv",
    "category": "Máquina polvo",
    "url": "https://tienda.consum.es/es/p/detergente-en-polvo-marsella/7310022",
    "price": 4.55,
    "reference_price": 0.13,
    "iva": 21,
    "reference_unit": "1 Lv",
    "date": "2023-01-17"
  },
  {
    "id": 19299,
    "name": "Escobilla limpiabiberones con fibras dobles TIGEX",
    "description": "Escobilla limpiabiberones con fibras dobles 1 U",
    "category": "Puericultura",
    "url": "https://tienda.consum.es/es/p/escobilla-limpiabiberones-con-fibras-dobles/7315757",
    "price": 3.79,
    "reference_price": 3.79,
    "iva": 21,
    "reference_unit": "1 U",
    "date": "2023-01-17"
  },
  {
    "id": 19302,
    "name": "Almeja del Pacífico congelada EXKIMO",
    "description": "Almeja del Pacífico congelada 450 Gr",
    "category": "Pescados y mariscos",
    "url": "https://tienda.consum.es/es/p/almeja-del-pacifico-congelada/7318892",
    "price": 2.45,
    "reference_price": 5.44,
    "iva": 10,
    "reference_unit": "1 Kg",
    "date": "2023-01-17"
  },
  {
    "id": 19303,
    "name": "Vino Blanco Verdejo D.O.Rueda MAY.CASTILLA",
    "description": "Vino Blanco Verdejo D.O.Rueda 0,75 L",
    "category": "Vinos d.o",
    "url": "https://tienda.consum.es/es/p/vino-blanco-verdejo-dorueda/7319044",
    "price": 3.49,
    "reference_price": 4.65,
    "iva": 21,
    "reference_unit": "1 L",
    "date": "2023-01-17"
  },
  {
    "id": 19312,
    "name": "Crackers Quinoa y Chía Bote GULLON",
    "description": "Crackers Quinoa y Chía Bote 250 Gr",
    "category": "Galletas saladas",
    "url": "https://tienda.consum.es/es/p/crackers-quinoa-y-chia-bote/7320054",
    "price": 2.15,
    "reference_price": 8.6,
    "iva": 10,
    "reference_unit": "1 Kg",
    "date": "2023-01-17"
  },
  {
    "id": 19313,
    "name": "Crackers Sin Gluten SCHÄR",
    "description": "Crackers Sin Gluten 210 Gr",
    "category": "Tostadas y minibiscotes",
    "url": "https://tienda.consum.es/es/p/crackers-sin-gluten/7320062",
    "price": 3.25,
    "reference_price": 15.48,
    "iva": 10,
    "reference_unit": "1 Kg",
    "date": "2023-01-17"
  },
  {
    "id": 19314,
    "name": "Picos Sin Gluten SCHÄR",
    "description": "Picos Sin Gluten 60 Gr",
    "category": "Rosquilletas, picos y snacks",
    "url": "https://tienda.consum.es/es/p/picos-sin-gluten/7320067",
    "price": 1.39,
    "reference_price": 23.17,
    "iva": 10,
    "reference_unit": "1 Kg",
    "date": "2023-01-17"
  },
  {
    "id": 19319,
    "name": "Cottage Cheese Protein Copos de Queso Fresco ARLA",
    "description": "Cottage Cheese Protein Copos de Queso Fresco 200 Gr",
    "category": "Frescos y para ensaladas",
    "url": "https://tienda.consum.es/es/p/cottage-cheese-protein-copos-de-queso-fresco/7247661",
    "price": 2.4,
    "reference_price": 12,
    "iva": 0,
    "reference_unit": "1 Kg",
    "date": "2023-01-17"
  },
  {
    "id": 19326,
    "name": "Mascarilla Hair Food Banana FRUCTIS",
    "description": "Mascarilla Hair Food Banana 390 ml",
    "category": "Mascarillas cabello",
    "url": "https://tienda.consum.es/es/p/mascarilla-hair-food-banana/7309011",
    "price": 5.9,
    "reference_price": 1.51,
    "iva": 21,
    "reference_unit": "100 ml",
    "date": "2023-01-17"
  },
  {
    "id": 19330,
    "name": "Dos tetinas látex cuello ancho TIGEX",
    "description": "Dos tetinas látex cuello ancho 1 U",
    "category": "Puericultura",
    "url": "https://tienda.consum.es/es/p/dos-tetinas-latex-cuello-ancho/7315745",
    "price": 2.79,
    "reference_price": 2.79,
    "iva": 21,
    "reference_unit": "1 U",
    "date": "2023-01-17"
  },
  {
    "id": 19335,
    "name": "Cuchara blanda silicona TIGEX",
    "description": "Cuchara blanda silicona 1 U",
    "category": "Puericultura",
    "url": "https://tienda.consum.es/es/p/cuchara-blanda-silicona/7315885",
    "price": 3.19,
    "reference_price": 3.19,
    "iva": 21,
    "reference_unit": "1 U",
    "date": "2023-01-17"
  },
  {
    "id": 19343,
    "name": "Gelatina Sabor Arándano Light 10 Kcal ROYAL",
    "description": "Gelatina Sabor Arándano Light 10 Kcal 31 Gr",
    "category": "Repostería para preparar",
    "url": "https://tienda.consum.es/es/p/gelatina-sabor-arandano-light-10-kcal/7318868",
    "price": 2.75,
    "reference_price": 8.87,
    "iva": 10,
    "reference_unit": "100 Gr",
    "date": "2023-01-17"
  },
  {
    "id": 19346,
    "name": "Zumo Piña 100% Free JUVER",
    "description": "Zumo Piña 100% Free 1 L",
    "category": "Zumos y néctares no refrigerados",
    "url": "https://tienda.consum.es/es/p/zumo-pina-100-free/7319648",
    "price": 2.45,
    "reference_price": 2.45,
    "iva": 10,
    "reference_unit": "1 L",
    "date": "2023-01-17"
  },
  {
    "id": 19348,
    "name": "Delicias de Almendra ",
    "description": "Delicias de Almendra 225 Gr",
    "category": "Pastas de té",
    "url": "https://tienda.consum.es/es/p/delicias-de-almendra/7319718",
    "price": 2.15,
    "reference_price": 9.56,
    "iva": 10,
    "reference_unit": "1 Kg",
    "date": "2023-01-17"
  },
  {
    "id": 19350,
    "name": "Capricho de Avellana y Chocolate ",
    "description": "Capricho de Avellana y Chocolate 225 Gr",
    "category": "Pastas de té",
    "url": "https://tienda.consum.es/es/p/capricho-de-avellana-y-chocolate/7319726",
    "price": 2.35,
    "reference_price": 10.44,
    "iva": 10,
    "reference_unit": "1 Kg",
    "date": "2023-01-17"
  },
  {
    "id": 19355,
    "name": "Antipolillas en pastillas Ropa Limpia EFI-PROTECT",
    "description": "Antipolillas en pastillas Ropa Limpia 24 U",
    "category": "Antipolillas y carcoma",
    "url": "https://tienda.consum.es/es/p/antipolillas-en-pastillas-ropa-limpia/7319908",
    "price": 1.2,
    "reference_price": 0.05,
    "iva": 21,
    "reference_unit": "1 U",
    "date": "2023-01-17"
  },
  {
    "id": 19356,
    "name": "Nachos con Chia Paquete ZANUY",
    "description": "Nachos con Chia Paquete 130 Gr",
    "category": "Snacks y otros aperitivos",
    "url": "https://tienda.consum.es/es/p/nachos-con-chia-paquete/7320237",
    "price": 1.25,
    "reference_price": 9.62,
    "iva": 10,
    "reference_unit": "1 Kg",
    "date": "2023-01-17"
  },
  {
    "id": 5412,
    "name": "Caldo Líquido de Pollo Brik ANETO",
    "description": "Caldo Líquido de Pollo Brik 1 L",
    "category": "Caldos y sopas",
    "url": "https://tienda.consum.es/es/p/caldo-liquido-de-pollo-brik/7010135",
    "price": 3.95,
    "reference_price": 3.95,
    "iva": 10,
    "reference_unit": "1 L",
    "date": "2023-01-17"
  },
  {
    "id": 5413,
    "name": "Activia 00% con Kiwi Bífidus Desnatado P-4 DANONE",
    "description": "Activia 00% con Kiwi Bífidus Desnatado P-4 4 x 120 Gr",
    "category": "Bífidus",
    "url": "https://tienda.consum.es/es/p/activia-00-con-kiwi-bifidus-desnatado-p-4/7010598",
    "price": 2.89,
    "reference_price": 6.02,
    "iva": 10,
    "reference_unit": "1 Kg",
    "date": "2023-01-17"
  },
  {
    "id": 5418,
    "name": "Alubia Pinta Cocida Frasco LUENGO",
    "description": "Alubia Pinta Cocida Frasco 400 Gr",
    "category": "Alubias",
    "url": "https://tienda.consum.es/es/p/alubia-pinta-cocida-frasco/7012565",
    "price": 1.55,
    "reference_price": 3.88,
    "iva": 10,
    "reference_unit": "1 Kg",
    "date": "2023-01-17"
  },
  {
    "id": 5419,
    "name": "Piña en su Jugo PELLI",
    "description": "Piña en su Jugo 490 Gr",
    "category": "Frutas en almíbar y en su jugo",
    "url": "https://tienda.consum.es/es/p/pina-en-su-jugo/7014959",
    "price": 1.9,
    "reference_price": 3.88,
    "iva": 10,
    "reference_unit": "1 Kg",
    "date": "2023-01-17"
  },
  {
    "id": 5420,
    "name": "Confitura Tomate HERO",
    "description": "Confitura Tomate 345 Gr",
    "category": "Mermeladas y confituras",
    "url": "https://tienda.consum.es/es/p/confitura-tomate/7014967",
    "price": 1.95,
    "reference_price": 5.65,
    "iva": 10,
    "reference_unit": "1 Kg",
    "date": "2023-01-17"
  },
  {
    "id": 5422,
    "name": "Tónica Lata NORDIC MIST",
    "description": "Tónica Lata 0,25 L",
    "category": "Tónica",
    "url": "https://tienda.consum.es/es/p/tonica-lata/7015407",
    "price": 0.42,
    "reference_price": 1.68,
    "iva": 21,
    "reference_unit": "1 L",
    "date": "2023-01-17"
  },
  {
    "id": 5423,
    "name": "Vino Tinto Garrafa VIÑA CORBA",
    "description": "Vino Tinto Garrafa 2 L",
    "category": "Mesa",
    "url": "https://tienda.consum.es/es/p/vino-tinto-garrafa/7015480",
    "price": 2.6,
    "reference_price": 1.3,
    "iva": 21,
    "reference_unit": "1 L",
    "date": "2023-01-17"
  },
  {
    "id": 5432,
    "name": "Bebida de Soja Brik ALPRO",
    "description": "Bebida de Soja Brik 1 L",
    "category": "Bebidas vegetales",
    "url": "https://tienda.consum.es/es/p/bebida-de-soja-brik/7017382",
    "price": 1.99,
    "reference_price": 1.99,
    "iva": 10,
    "reference_unit": "1 L",
    "date": "2023-01-17"
  },
  {
    "id": 5435,
    "name": "Chuleta de Aguja CONSUM",
    "description": "Chuleta de Aguja",
    "category": "Cerdo",
    "url": "https://tienda.consum.es/es/p/chuleta-de-aguja/7018893",
    "price": 3.63,
    "reference_price": 5.55,
    "iva": 10,
    "reference_unit": "1 Kg",
    "date": "2023-01-17"
  },
  {
    "id": 5436,
    "name": "Danacol Beber Fresa 0% Azúcares Añadidos DANONE",
    "description": "Danacol Beber Fresa 0% Azúcares Añadidos 6 x 100 Gr",
    "category": "Yogures especial salud",
    "url": "https://tienda.consum.es/es/p/danacol-beber-fresa-0-azucares-anadidos/7018914",
    "price": 4.49,
    "reference_price": 7.48,
    "iva": 10,
    "reference_unit": "1 Kg",
    "date": "2023-01-17"
  },
  {
    "id": 5438,
    "name": "Cafe Soluble Natural 10 Sobres NESCAFE",
    "description": "Cafe Soluble Natural 10 Sobres 20 Gr",
    "category": "Café Soluble ",
    "url": "https://tienda.consum.es/es/p/cafe-soluble-natural-10-sobres/7019037",
    "price": 1.09,
    "reference_price": 5.45,
    "iva": 10,
    "reference_unit": "100 Gr",
    "date": "2023-01-17"
  },
  {
    "id": 5439,
    "name": "Cerveza Shandy Lata. CRUZCAMPO",
    "description": "Cerveza Shandy Lata. 0,33 L",
    "category": "Importación lata",
    "url": "https://tienda.consum.es/es/p/cerveza-shandy-lata/7019607",
    "price": 0.85,
    "reference_price": 2.58,
    "iva": 21,
    "reference_unit": "1 L",
    "date": "2023-01-17"
  },
  {
    "id": 5440,
    "name": "Vino Blanco D.O.Utiel-Requena V.ENTERIZO",
    "description": "Vino Blanco D.O.Utiel-Requena 0,75 L",
    "category": "Vinos d.o",
    "url": "https://tienda.consum.es/es/p/vino-blanco-doutiel-requena/7019636",
    "price": 2.25,
    "reference_price": 3,
    "iva": 21,
    "reference_unit": "1 L",
    "date": "2023-01-17"
  },
  {
    "id": 5443,
    "name": "Apetinas Ketchup Bolsa TOSFRIT",
    "description": "Apetinas Ketchup Bolsa 90 Gr",
    "category": "Snacks y otros aperitivos",
    "url": "https://tienda.consum.es/es/p/apetinas-ketchup-bolsa/7020142",
    "price": 1.39,
    "reference_price": 15.44,
    "iva": 10,
    "reference_unit": "1 Kg",
    "date": "2023-01-17"
  },
  {
    "id": 5445,
    "name": "Infusión Digestive Plus 20 Bolsitas POMPADOUR",
    "description": "Infusión Digestive Plus 20 Bolsitas 20 U",
    "category": "Otras infusiones",
    "url": "https://tienda.consum.es/es/p/infusion-digestive-plus-20-bolsitas/7020373",
    "price": 2.75,
    "reference_price": 0.14,
    "iva": 10,
    "reference_unit": "1 U",
    "date": "2023-01-17"
  },
  {
    "id": 5447,
    "name": "Patatas Fritas Lisas Artesanas Bolsa Papel SANTA ANA",
    "description": "Patatas Fritas Lisas Artesanas Bolsa Papel 2 x 135 Gr",
    "category": "Patatas fritas",
    "url": "https://tienda.consum.es/es/p/patatas-fritas-lisas-artesanas-bolsa-papel/7020659",
    "price": 2.95,
    "reference_price": 10.93,
    "iva": 10,
    "reference_unit": "1 Kg",
    "date": "2023-01-17"
  },
  {
    "id": 5448,
    "name": "Arroz Basmati Vaso Pack de 2 BRILLANTE",
    "description": "Arroz Basmati Vaso Pack de 2 2 x 125 Gr",
    "category": "Arroz",
    "url": "https://tienda.consum.es/es/p/arroz-basmati-vaso-pack-de-2/7020662",
    "price": 1.34,
    "reference_price": 5.36,
    "iva": 10,
    "reference_unit": "1 Kg",
    "date": "2023-01-17"
  },
  {
    "id": 5450,
    "name": "Chicle Grageado Sabor Hierbabuena TRIDENT",
    "description": "Chicle Grageado Sabor Hierbabuena 14,5 Gr",
    "category": "Chicles, caramelos y gominolas",
    "url": "https://tienda.consum.es/es/p/chicle-grageado-sabor-hierbabuena/7021256",
    "price": 0.95,
    "reference_price": 6.79,
    "iva": 10,
    "reference_unit": "100 Gr",
    "date": "2023-01-17"
  },
  {
    "id": 5451,
    "name": "Lenteja Pardina LUENGO",
    "description": "Lenteja Pardina 500 Gr",
    "category": "Legumbres secas",
    "url": "https://tienda.consum.es/es/p/lenteja-pardina/7022460",
    "price": 1.82,
    "reference_price": 3.64,
    "iva": 0,
    "reference_unit": "1 Kg",
    "date": "2023-01-17"
  },
  {
    "id": 5452,
    "name": "Moscatel SOL MEDITERR",
    "description": "Moscatel 0,75 L",
    "category": "Finos y dulces",
    "url": "https://tienda.consum.es/es/p/moscatel/7022478",
    "price": 3.6,
    "reference_price": 4.8,
    "iva": 21,
    "reference_unit": "1 L",
    "date": "2023-01-17"
  },
  {
    "id": 5453,
    "name": "Bebida de Soja con chocolate VIVESOY",
    "description": "Bebida de Soja con chocolate 1 L",
    "category": "Batidos y cafés",
    "url": "https://tienda.consum.es/es/p/bebida-de-soja-con-chocolate/7022494",
    "price": 1.95,
    "reference_price": 1.95,
    "iva": 10,
    "reference_unit": "1 L",
    "date": "2023-01-17"
  },
  {
    "id": 5454,
    "name": "Bebida de Soja Sabor Vainilla VIVESOY",
    "description": "Bebida de Soja Sabor Vainilla 1 L",
    "category": "Batidos y cafés",
    "url": "https://tienda.consum.es/es/p/bebida-de-soja-sabor-vainilla/7022499",
    "price": 1.95,
    "reference_price": 1.95,
    "iva": 10,
    "reference_unit": "1 L",
    "date": "2023-01-17"
  },
  {
    "id": 5455,
    "name": "Rosquilletas con Pipas Artesanas VELARTE",
    "description": "Rosquilletas con Pipas Artesanas 80 Gr",
    "category": "Rosquilletas, picos y snacks",
    "url": "https://tienda.consum.es/es/p/rosquilletas-con-pipas-artesanas/7022648",
    "price": 1.09,
    "reference_price": 13.63,
    "iva": 10,
    "reference_unit": "1 Kg",
    "date": "2023-01-17"
  },
  {
    "id": 5456,
    "name": "Crema Men Expert Stop Arrugas L'OREAL",
    "description": "Crema Men Expert Stop Arrugas 50 ml",
    "category": "Masculino",
    "url": "https://tienda.consum.es/es/p/crema-men-expert-stop-arrugas/7022668",
    "price": 7.9,
    "reference_price": 15.8,
    "iva": 21,
    "reference_unit": "100 ml",
    "date": "2023-01-17"
  },
  {
    "id": 5457,
    "name": "Arroz Largo CONSUM",
    "description": "Arroz Largo 1 Kg",
    "category": "Arroz",
    "url": "https://tienda.consum.es/es/p/arroz-largo/7022754",
    "price": 1.3,
    "reference_price": 1.3,
    "iva": 0,
    "reference_unit": "1 Kg",
    "date": "2023-01-17"
  },
  {
    "id": 5458,
    "name": "Arroz Redondo Extra CONSUM",
    "description": "Arroz Redondo Extra 1 Kg",
    "category": "Arroz",
    "url": "https://tienda.consum.es/es/p/arroz-redondo-extra/7022762",
    "price": 1.3,
    "reference_price": 1.3,
    "iva": 0,
    "reference_unit": "1 Kg",
    "date": "2023-01-17"
  },
  {
    "id": 5459,
    "name": "Jamón Curado NAVIDUL",
    "description": "Jamón Curado 138 Gr",
    "category": "Jamón",
    "url": "https://tienda.consum.es/es/p/jamon-curado/7023047",
    "price": 3.59,
    "reference_price": 26.01,
    "iva": 10,
    "reference_unit": "1 Kg",
    "date": "2023-01-17"
  },
  {
    "id": 5463,
    "name": "Lasaña Fácil Precocida Caja 18 Placas EL PAVO",
    "description": "Lasaña Fácil Precocida Caja 18 Placas 200 Gr",
    "category": "Canelones y lasagnas",
    "url": "https://tienda.consum.es/es/p/lasana-facil-precocida-caja-18-placas/7024578",
    "price": 1.43,
    "reference_price": 7.15,
    "iva": 5,
    "reference_unit": "1 Kg",
    "date": "2023-01-17"
  },
  {
    "id": 5464,
    "name": "Vino Blanco de Mesa Pack de 3 Unidades DON SIMON",
    "description": "Vino Blanco de Mesa Pack de 3 Unidades 3 x 0,2 L",
    "category": "Mesa",
    "url": "https://tienda.consum.es/es/p/vino-blanco-de-mesa-pack-de-3-unidades/7025042",
    "price": 1.5,
    "reference_price": 2.67,
    "iva": 21,
    "reference_unit": "1 L",
    "date": "2023-01-17"
  },
  {
    "id": 5465,
    "name": "Vino Tinto Joven D.O.Ribera del Duero DEHES.VIEJAS",
    "description": "Vino Tinto Joven D.O.Ribera del Duero 0,75 L",
    "category": "Vinos d.o",
    "url": "https://tienda.consum.es/es/p/vino-tinto-joven-doribera-del-duero/7025059",
    "price": 3.39,
    "reference_price": 4.52,
    "iva": 21,
    "reference_unit": "1 L",
    "date": "2023-01-17"
  },
  {
    "id": 5466,
    "name": "Vino Tinto Crianza D.O.Ribera del Duero DEHES.VIEJAS",
    "description": "Vino Tinto Crianza D.O.Ribera del Duero 0,75 L",
    "category": "Vinos d.o",
    "url": "https://tienda.consum.es/es/p/vino-tinto-crianza-doribera-del-duero/7025062",
    "price": 4.1,
    "reference_price": 5.47,
    "iva": 21,
    "reference_unit": "1 L",
    "date": "2023-01-17"
  },
  {
    "id": 5467,
    "name": "Tinte Nº6 Rubio Oscuro LLONGUERAS",
    "description": "Tinte Nº6 Rubio Oscuro 1 U",
    "category": "Coloración",
    "url": "https://tienda.consum.es/es/p/tinte-n6-rubio-oscuro/7025083",
    "price": 6.59,
    "reference_price": 6.59,
    "iva": 21,
    "reference_unit": "1 U",
    "date": "2023-01-17"
  },
  {
    "id": 5468,
    "name": "Quitamanchas Spray KH-7",
    "description": "Quitamanchas Spray 0,75 L",
    "category": "Aditivos y complementos",
    "url": "https://tienda.consum.es/es/p/quitamanchas-spray/7025109",
    "price": 4.29,
    "reference_price": 5.72,
    "iva": 21,
    "reference_unit": "1 L",
    "date": "2023-01-17"
  },
  {
    "id": 5469,
    "name": "Tarrina de Vainilla 1 Litro CONSUM",
    "description": "Tarrina de Vainilla 1 Litro 495 Gr",
    "category": "Tarrinas",
    "url": "https://tienda.consum.es/es/p/tarrina-de-vainilla-1-litro/7025187",
    "price": 2.09,
    "reference_price": 4.22,
    "iva": 10,
    "reference_unit": "1 Kg",
    "date": "2023-01-17"
  },
  {
    "id": 5470,
    "name": "Tinte Nº5 Castaño Claro LLONGUERAS",
    "description": "Tinte Nº5 Castaño Claro 1 U",
    "category": "Coloración",
    "url": "https://tienda.consum.es/es/p/tinte-n5-castano-claro/7025240",
    "price": 6.59,
    "reference_price": 6.59,
    "iva": 21,
    "reference_unit": "1 U",
    "date": "2023-01-17"
  },
  {
    "id": 5472,
    "name": "Tinte Nº7 Rubio Medio LLONGUERAS",
    "description": "Tinte Nº7 Rubio Medio 1 U",
    "category": "Coloración",
    "url": "https://tienda.consum.es/es/p/tinte-n7-rubio-medio/7025302",
    "price": 6.59,
    "reference_price": 6.59,
    "iva": 21,
    "reference_unit": "1 U",
    "date": "2023-01-17"
  },
  {
    "id": 5473,
    "name": "Tinte Nº8.3 Rubio LLONGUERAS",
    "description": "Tinte Nº8.3 Rubio 1 U",
    "category": "Coloración",
    "url": "https://tienda.consum.es/es/p/tinte-n83-rubio/7025310",
    "price": 6.59,
    "reference_price": 6.59,
    "iva": 21,
    "reference_unit": "1 U",
    "date": "2023-01-17"
  },
  {
    "id": 5482,
    "name": "Desodorante Spray Go Fresh DOVE",
    "description": "Desodorante Spray Go Fresh 200 ml",
    "category": "Spray",
    "url": "https://tienda.consum.es/es/p/desodorante-spray-go-fresh/7026545",
    "price": 3.55,
    "reference_price": 1.78,
    "iva": 21,
    "reference_unit": "100 ml",
    "date": "2023-01-17"
  },
  {
    "id": 5483,
    "name": "Seda Dental Menta ORAL B",
    "description": "Seda Dental Menta 1 U",
    "category": "Seda dental",
    "url": "https://tienda.consum.es/es/p/seda-dental-menta/7026714",
    "price": 3.59,
    "reference_price": 3.59,
    "iva": 21,
    "reference_unit": "1 U",
    "date": "2023-01-17"
  },
  {
    "id": 5485,
    "name": "Cepillo Dental 360º Filamento Medio COLGATE",
    "description": "Cepillo Dental 360º Filamento Medio 1 U",
    "category": "Cepillos de dientes",
    "url": "https://tienda.consum.es/es/p/cepillo-dental-360-filamento-medio/7026735",
    "price": 3.99,
    "reference_price": 3.99,
    "iva": 21,
    "reference_unit": "1 U",
    "date": "2023-01-17"
  },
  {
    "id": 5486,
    "name": "Agua Mineral Natural Botella FONT VELLA",
    "description": "Agua Mineral Natural Botella 1 L",
    "category": "Agua sin gas : botella",
    "url": "https://tienda.consum.es/es/p/agua-mineral-natural-botella/7027063",
    "price": 0.69,
    "reference_price": 0.69,
    "iva": 10,
    "reference_unit": "1 L",
    "date": "2023-01-17"
  },
  {
    "id": 5488,
    "name": "Refresco Cola Light Bipack Indivisible COCA-COLA",
    "description": "Refresco Cola Light Bipack Indivisible 2 x 2 L",
    "category": "Cola",
    "url": "https://tienda.consum.es/es/p/refresco-cola-light-bipack-indivisible/7027493",
    "price": 4.22,
    "reference_price": 1.06,
    "iva": 21,
    "reference_unit": "1 L",
    "date": "2023-01-17"
  },
  {
    "id": 5489,
    "name": "Tomate Troceado Lata CONSUM",
    "description": "Tomate Troceado Lata 780 Gr",
    "category": "Tomate",
    "url": "https://tienda.consum.es/es/p/tomate-troceado-lata/7027717",
    "price": 1.15,
    "reference_price": 1.47,
    "iva": 10,
    "reference_unit": "1 Kg",
    "date": "2023-01-17"
  },
  {
    "id": 5490,
    "name": "Tomate Troceado Lata CONSUM",
    "description": "Tomate Troceado Lata 390 Gr",
    "category": "Tomate",
    "url": "https://tienda.consum.es/es/p/tomate-troceado-lata/7027720",
    "price": 0.8,
    "reference_price": 2.05,
    "iva": 10,
    "reference_unit": "1 Kg",
    "date": "2023-01-17"
  },
  {
    "id": 5491,
    "name": "Pizza Carne con Salsa Barbacoa CAMPOFRÍO",
    "description": "Pizza Carne con Salsa Barbacoa 410 Gr",
    "category": "Pizza refrigerada",
    "url": "https://tienda.consum.es/es/p/pizza-carne-con-salsa-barbacoa/7027972",
    "price": 2.89,
    "reference_price": 7.05,
    "iva": 10,
    "reference_unit": "1 Kg",
    "date": "2023-01-17"
  },
  {
    "id": 5492,
    "name": "Danonino Petit Maxi Sabor Fresa Pack de 4 U DANONE",
    "description": "Danonino Petit Maxi Sabor Fresa Pack de 4 U 4 x 100 Gr",
    "category": "Petit e infantiles",
    "url": "https://tienda.consum.es/es/p/danonino-petit-maxi-sabor-fresa-pack-de-4-u/7028074",
    "price": 2.11,
    "reference_price": 5.28,
    "iva": 0,
    "reference_unit": "1 Kg",
    "date": "2023-01-17"
  },
  {
    "id": 5493,
    "name": "Miel Milflores Frasco CONSUM",
    "description": "Miel Milflores Frasco 1 Kg",
    "category": "Miel",
    "url": "https://tienda.consum.es/es/p/miel-milflores-frasco/7028251",
    "price": 4.95,
    "reference_price": 4.95,
    "iva": 10,
    "reference_unit": "1 Kg",
    "date": "2023-01-17"
  },
  {
    "id": 5494,
    "name": "Miel Romero Dosificador CONSUM",
    "description": "Miel Romero Dosificador 350 Gr",
    "category": "Miel",
    "url": "https://tienda.consum.es/es/p/miel-romero-dosificador/7028269",
    "price": 3.15,
    "reference_price": 9,
    "iva": 10,
    "reference_unit": "1 Kg",
    "date": "2023-01-17"
  },
  {
    "id": 5495,
    "name": "Miel Milflores Dosificador CONSUM",
    "description": "Miel Milflores Dosificador 500 Gr",
    "category": "Miel",
    "url": "https://tienda.consum.es/es/p/miel-milflores-dosificador/7028280",
    "price": 3.5,
    "reference_price": 7,
    "iva": 10,
    "reference_unit": "1 Kg",
    "date": "2023-01-17"
  },
  {
    "id": 5496,
    "name": "Patatas Prefritas Corte Grueso congeladas CONSUM",
    "description": "Patatas Prefritas Corte Grueso congeladas 1 Kg",
    "category": "Patatas",
    "url": "https://tienda.consum.es/es/p/patatas-prefritas-corte-grueso-congeladas/7028475",
    "price": 1.63,
    "reference_price": 1.63,
    "iva": 0,
    "reference_unit": "1 Kg",
    "date": "2023-01-17"
  },
  {
    "id": 5497,
    "name": "Tomate Triturado Lata CONSUM",
    "description": "Tomate Triturado Lata 400 Gr",
    "category": "Tomate",
    "url": "https://tienda.consum.es/es/p/tomate-triturado-lata/7029205",
    "price": 0.7,
    "reference_price": 1.75,
    "iva": 10,
    "reference_unit": "1 Kg",
    "date": "2023-01-17"
  },
  {
    "id": 5498,
    "name": "Tomate Triturado Lata CONSUM",
    "description": "Tomate Triturado Lata 800 Gr",
    "category": "Tomate",
    "url": "https://tienda.consum.es/es/p/tomate-triturado-lata/7029213",
    "price": 0.95,
    "reference_price": 1.19,
    "iva": 10,
    "reference_unit": "1 Kg",
    "date": "2023-01-17"
  },
  {
    "id": 5499,
    "name": "Tomate Frito Frasco CONSUM",
    "description": "Tomate Frito Frasco 550 Gr",
    "category": "Tomate",
    "url": "https://tienda.consum.es/es/p/tomate-frito-frasco/7029218",
    "price": 1,
    "reference_price": 1.82,
    "iva": 10,
    "reference_unit": "1 Kg",
    "date": "2023-01-17"
  },
  {
    "id": 5500,
    "name": "Tomate Frito con Cebolla Estilo Casero. Frasco CONSUM",
    "description": "Tomate Frito con Cebolla Estilo Casero. Frasco 300 Gr",
    "category": "Tomate",
    "url": "https://tienda.consum.es/es/p/tomate-frito-con-cebolla-estilo-casero-frasco/7029234",
    "price": 1.55,
    "reference_price": 5.17,
    "iva": 10,
    "reference_unit": "1 Kg",
    "date": "2023-01-17"
  },
  {
    "id": 5508,
    "name": "Absorbente Talla Media Incontinencias INDASLIP",
    "description": "Absorbente Talla Media Incontinencias 20 U",
    "category": "Pañal adulto y protectores",
    "url": "https://tienda.consum.es/es/p/absorbente-talla-media-incontinencias/7031698",
    "price": 13.55,
    "reference_price": 0.68,
    "iva": 10,
    "reference_unit": "1 U",
    "date": "2023-01-17"
  },
  {
    "id": 5509,
    "name": "Activia Soja Mango y Papaya P-4 ud. DANONE",
    "description": "Activia Soja Mango y Papaya P-4 ud. 4 x 120 Gr",
    "category": "Bífidus",
    "url": "https://tienda.consum.es/es/p/activia-soja-mango-y-papaya-p-4-ud/7031974",
    "price": 2.89,
    "reference_price": 6.02,
    "iva": 10,
    "reference_unit": "1 Kg",
    "date": "2023-01-17"
  },
  {
    "id": 5513,
    "name": "Gaseosa Botella CONSUM",
    "description": "Gaseosa Botella 1,5 L",
    "category": "Gaseosas y sodas",
    "url": "https://tienda.consum.es/es/p/gaseosa-botella/7032639",
    "price": 0.45,
    "reference_price": 0.3,
    "iva": 21,
    "reference_unit": "1 L",
    "date": "2023-01-17"
  },
  {
    "id": 5514,
    "name": "Gaseosa Botella CONSUM",
    "description": "Gaseosa Botella 0,5 L",
    "category": "Gaseosas y sodas",
    "url": "https://tienda.consum.es/es/p/gaseosa-botella/7032642",
    "price": 0.3,
    "reference_price": 0.6,
    "iva": 21,
    "reference_unit": "1 L",
    "date": "2023-01-17"
  },
  {
    "id": 5515,
    "name": "Galletas María Pack de 4 CONSUM",
    "description": "Galletas María Pack de 4 4 x 200 Gr",
    "category": "Desayuno y maría",
    "url": "https://tienda.consum.es/es/p/galletas-maria-pack-de-4/7033202",
    "price": 1.7,
    "reference_price": 2.13,
    "iva": 10,
    "reference_unit": "1 Kg",
    "date": "2023-01-17"
  },
  {
    "id": 5516,
    "name": "Galletas Doradas Pack de 4 CONSUM",
    "description": "Galletas Doradas Pack de 4 4 x 200 Gr",
    "category": "Desayuno y maría",
    "url": "https://tienda.consum.es/es/p/galletas-doradas-pack-de-4/7033207",
    "price": 1.7,
    "reference_price": 2.13,
    "iva": 10,
    "reference_unit": "1 Kg",
    "date": "2023-01-17"
  },
  {
    "id": 5517,
    "name": "Galletas Tostadas Pack de 4 CONSUM",
    "description": "Galletas Tostadas Pack de 4 4 x 200 Gr",
    "category": "Desayuno y maría",
    "url": "https://tienda.consum.es/es/p/galletas-tostadas-pack-de-4/7033210",
    "price": 1.7,
    "reference_price": 2.13,
    "iva": 10,
    "reference_unit": "1 Kg",
    "date": "2023-01-17"
  },
  {
    "id": 5518,
    "name": "Galleta Maria Integral CONSUM",
    "description": "Galleta Maria Integral 800 Gr",
    "category": "Galletas saludables",
    "url": "https://tienda.consum.es/es/p/galleta-maria-integral/7033215",
    "price": 1.65,
    "reference_price": 2.06,
    "iva": 10,
    "reference_unit": "1 Kg",
    "date": "2023-01-17"
  },
  {
    "id": 5519,
    "name": "Mega Sandwich Rellena Chocolate CONSUM",
    "description": "Mega Sandwich Rellena Chocolate 500 Gr",
    "category": "Galletas de chocolate",
    "url": "https://tienda.consum.es/es/p/mega-sandwich-rellena-chocolate/7033223",
    "price": 1.3,
    "reference_price": 2.6,
    "iva": 10,
    "reference_unit": "1 Kg",
    "date": "2023-01-17"
  },
  {
    "id": 5520,
    "name": "Choco Aritos Bañados de Chocolate Blanco CONSUM",
    "description": "Choco Aritos Bañados de Chocolate Blanco 150 Gr",
    "category": "Galletas de chocolate",
    "url": "https://tienda.consum.es/es/p/choco-aritos-banados-de-chocolate-blanco/7033231",
    "price": 0.72,
    "reference_price": 4.8,
    "iva": 10,
    "reference_unit": "1 Kg",
    "date": "2023-01-17"
  },
  {
    "id": 5521,
    "name": "Choco Aritos Bañados de Chocolate Negro CONSUM",
    "description": "Choco Aritos Bañados de Chocolate Negro 150 Gr",
    "category": "Galletas de chocolate",
    "url": "https://tienda.consum.es/es/p/choco-aritos-banados-de-chocolate-negro/7033236",
    "price": 0.72,
    "reference_price": 4.8,
    "iva": 10,
    "reference_unit": "1 Kg",
    "date": "2023-01-17"
  },
  {
    "id": 5524,
    "name": "Zumo Manzana Concentrado Brik CONSUM",
    "description": "Zumo Manzana Concentrado Brik 1 L",
    "category": "Zumos y néctares no refrigerados",
    "url": "https://tienda.consum.es/es/p/zumo-manzana-concentrado-brik/7033368",
    "price": 0.65,
    "reference_price": 0.65,
    "iva": 10,
    "reference_unit": "1 L",
    "date": "2023-01-17"
  },
  {
    "id": 5525,
    "name": "Zumo Uva,Melocotón y Manzana Brik CONSUM",
    "description": "Zumo Uva,Melocotón y Manzana Brik 1 L",
    "category": "Zumos y néctares no refrigerados",
    "url": "https://tienda.consum.es/es/p/zumo-uvamelocoton-y-manzana-brik/7033371",
    "price": 1.2,
    "reference_price": 1.2,
    "iva": 10,
    "reference_unit": "1 L",
    "date": "2023-01-17"
  },
  {
    "id": 5526,
    "name": "Zumo Naranja-Mandarina Concentrado Brik CONSUM",
    "description": "Zumo Naranja-Mandarina Concentrado Brik 1 L",
    "category": "Zumos y néctares no refrigerados",
    "url": "https://tienda.consum.es/es/p/zumo-naranja-mandarina-concentrado-brik/7033376",
    "price": 0.79,
    "reference_price": 0.79,
    "iva": 10,
    "reference_unit": "1 L",
    "date": "2023-01-17"
  },
  {
    "id": 5527,
    "name": "Zumo Piña,Uva, Manzana Concentrado Brik CONSUM",
    "description": "Zumo Piña,Uva, Manzana Concentrado Brik 1 L",
    "category": "Zumos y néctares no refrigerados",
    "url": "https://tienda.consum.es/es/p/zumo-pinauva-manzana-concentrado-brik/7033384",
    "price": 0.9,
    "reference_price": 0.9,
    "iva": 10,
    "reference_unit": "1 L",
    "date": "2023-01-17"
  },
  {
    "id": 5528,
    "name": "Aceitunas Negras Hueso Lata CONSUM",
    "description": "Aceitunas Negras Hueso Lata 185 Gr",
    "category": "Aceitunas con hueso",
    "url": "https://tienda.consum.es/es/p/aceitunas-negras-hueso-lata/7034049",
    "price": 1,
    "reference_price": 5.41,
    "iva": 10,
    "reference_unit": "1 Kg",
    "date": "2023-01-17"
  },
  {
    "id": 5529,
    "name": "Aceitunas Negras sin Hueso Lata CONSUM",
    "description": "Aceitunas Negras sin Hueso Lata 150 Gr",
    "category": "Aceitunas sin hueso",
    "url": "https://tienda.consum.es/es/p/aceitunas-negras-sin-hueso-lata/7034051",
    "price": 0.9,
    "reference_price": 6,
    "iva": 10,
    "reference_unit": "1 Kg",
    "date": "2023-01-17"
  },
  {
    "id": 5530,
    "name": "Aceitunas Rellenas de Anchoas CONSUM",
    "description": "Aceitunas Rellenas de Anchoas 150 Gr",
    "category": "Aceitunas sin hueso",
    "url": "https://tienda.consum.es/es/p/aceitunas-rellenas-de-anchoas/7034056",
    "price": 0.89,
    "reference_price": 5.93,
    "iva": 10,
    "reference_unit": "1 Kg",
    "date": "2023-01-17"
  },
  {
    "id": 5532,
    "name": "Aceitunas Rellenas de Anchoas Pack de 3 CONSUM",
    "description": "Aceitunas Rellenas de Anchoas Pack de 3 3 x 50 Gr",
    "category": "Aceitunas sin hueso",
    "url": "https://tienda.consum.es/es/p/aceitunas-rellenas-de-anchoas-pack-de-3/7034114",
    "price": 1.39,
    "reference_price": 9.27,
    "iva": 10,
    "reference_unit": "1 Kg",
    "date": "2023-01-17"
  },
  {
    "id": 5533,
    "name": "Cacahuetes con Cáscara Natural Tostado Bolsa CONSUM",
    "description": "Cacahuetes con Cáscara Natural Tostado Bolsa 250 Gr",
    "category": "Cacahuetes",
    "url": "https://tienda.consum.es/es/p/cacahuetes-con-cascara-natural-tostado-bolsa/7034267",
    "price": 1.1,
    "reference_price": 4.4,
    "iva": 10,
    "reference_unit": "1 Kg",
    "date": "2023-01-17"
  },
  {
    "id": 5534,
    "name": "Cacahuetes con Cáscara Tostados con Sal Bolsa CONSUM",
    "description": "Cacahuetes con Cáscara Tostados con Sal Bolsa 250 Gr",
    "category": "Cacahuetes",
    "url": "https://tienda.consum.es/es/p/cacahuetes-con-cascara-tostados-con-sal-bolsa/7034270",
    "price": 1.1,
    "reference_price": 4.4,
    "iva": 10,
    "reference_unit": "1 Kg",
    "date": "2023-01-17"
  },
  {
    "id": 5535,
    "name": "Pipas Tostadas con Sal Bolsa CONSUM",
    "description": "Pipas Tostadas con Sal Bolsa 250 Gr",
    "category": "Pipas",
    "url": "https://tienda.consum.es/es/p/pipas-tostadas-con-sal-bolsa/7034291",
    "price": 0.99,
    "reference_price": 3.96,
    "iva": 10,
    "reference_unit": "1 Kg",
    "date": "2023-01-17"
  },
  {
    "id": 5537,
    "name": "Queso Fresco Pack de 4 Unidades CONSUM",
    "description": "Queso Fresco Pack de 4 Unidades 4 x 62,5 Gr",
    "category": "Frescos y para ensaladas",
    "url": "https://tienda.consum.es/es/p/queso-fresco-pack-de-4-unidades/7034395",
    "price": 1.14,
    "reference_price": 4.56,
    "iva": 0,
    "reference_unit": "1 Kg",
    "date": "2023-01-17"
  },
  {
    "id": 5538,
    "name": "Queso Fresco Calcio Pack de 4 Unidades CONSUM",
    "description": "Queso Fresco Calcio Pack de 4 Unidades 4 x 62,5 Gr",
    "category": "Frescos y para ensaladas",
    "url": "https://tienda.consum.es/es/p/queso-fresco-calcio-pack-de-4-unidades/7034437",
    "price": 1.39,
    "reference_price": 5.56,
    "iva": 0,
    "reference_unit": "1 Kg",
    "date": "2023-01-17"
  },
  {
    "id": 5539,
    "name": "Queso Fresco 0% Pack de 4 Unidades CONSUM",
    "description": "Queso Fresco 0% Pack de 4 Unidades 4 x 62,5 Gr",
    "category": "Frescos y para ensaladas",
    "url": "https://tienda.consum.es/es/p/queso-fresco-0-pack-de-4-unidades/7034523",
    "price": 1.14,
    "reference_price": 4.56,
    "iva": 0,
    "reference_unit": "1 Kg",
    "date": "2023-01-17"
  },
  {
    "id": 5540,
    "name": "Té 25 Bolsitas POMPADOUR",
    "description": "Té 25 Bolsitas 25 U",
    "category": "Té",
    "url": "https://tienda.consum.es/es/p/te-25-bolsitas/7034754",
    "price": 2.25,
    "reference_price": 0.09,
    "iva": 10,
    "reference_unit": "1 U",
    "date": "2023-01-17"
  },
  {
    "id": 5542,
    "name": "Espárragos Extra 8/12 Piezas Frasco CONSUM",
    "description": "Espárragos Extra 8/12 Piezas Frasco 205 Gr",
    "category": "Espárragos y palmitos",
    "url": "https://tienda.consum.es/es/p/esparragos-extra-8/12-piezas-frasco/7035566",
    "price": 2.05,
    "reference_price": 10,
    "iva": 10,
    "reference_unit": "1 Kg",
    "date": "2023-01-17"
  },
  {
    "id": 5543,
    "name": "Champiñones Laminados Lata CONSUM",
    "description": "Champiñones Laminados Lata 185 Gr",
    "category": "Setas y champiñones",
    "url": "https://tienda.consum.es/es/p/champinones-laminados-lata/7035587",
    "price": 0.85,
    "reference_price": 4.59,
    "iva": 10,
    "reference_unit": "1 Kg",
    "date": "2023-01-17"
  },
  {
    "id": 5544,
    "name": "Vino Tinto Crianza D.O.Mancha ESTOLA",
    "description": "Vino Tinto Crianza D.O.Mancha 0,75 L",
    "category": "Vinos d.o",
    "url": "https://tienda.consum.es/es/p/vino-tinto-crianza-domancha/7035595",
    "price": 3.29,
    "reference_price": 4.39,
    "iva": 21,
    "reference_unit": "1 L",
    "date": "2023-01-17"
  },
  {
    "id": 5548,
    "name": "Queso Rallado Emmental CONSUM",
    "description": "Queso Rallado Emmental 200 Gr",
    "category": "Quesos Rallados",
    "url": "https://tienda.consum.es/es/p/queso-rallado-emmental/7036150",
    "price": 1.72,
    "reference_price": 8.6,
    "iva": 0,
    "reference_unit": "1 Kg",
    "date": "2023-01-17"
  },
  {
    "id": 5549,
    "name": "Mozzarella Rallada Especial Pizza CONSUM",
    "description": "Mozzarella Rallada Especial Pizza 200 Gr",
    "category": "Quesos Rallados",
    "url": "https://tienda.consum.es/es/p/mozzarella-rallada-especial-pizza/7036155",
    "price": 1.68,
    "reference_price": 8.4,
    "iva": 0,
    "reference_unit": "1 Kg",
    "date": "2023-01-17"
  },
  {
    "id": 5550,
    "name": "Carpaccio Marinado ROLER",
    "description": "Carpaccio Marinado 110 Gr",
    "category": "Otros elaborados",
    "url": "https://tienda.consum.es/es/p/carpaccio-marinado/7036218",
    "price": 3.69,
    "reference_price": 33.55,
    "iva": 10,
    "reference_unit": "1 Kg",
    "date": "2023-01-17"
  },
  {
    "id": 5551,
    "name": "Champú Ultra Suave Niños GARNIER",
    "description": "Champú Ultra Suave Niños 400 ml",
    "category": "Champú",
    "url": "https://tienda.consum.es/es/p/champu-ultra-suave-ninos/7036262",
    "price": 3.2,
    "reference_price": 0.8,
    "iva": 21,
    "reference_unit": "100 ml",
    "date": "2023-01-17"
  },
  {
    "id": 5553,
    "name": "Vino Tinto Joven D.O.Valencia EL MIRACLE",
    "description": "Vino Tinto Joven D.O.Valencia 0,75 L",
    "category": "Vinos d.o",
    "url": "https://tienda.consum.es/es/p/vino-tinto-joven-dovalencia/7036288",
    "price": 6.29,
    "reference_price": 8.39,
    "iva": 21,
    "reference_unit": "1 L",
    "date": "2023-01-17"
  },
  {
    "id": 5558,
    "name": "Danet de Vainilla. Natillas Pack de 4 Und. DANONE",
    "description": "Danet de Vainilla. Natillas Pack de 4 Und. 4 x 120 Gr",
    "category": "Natillas",
    "url": "https://tienda.consum.es/es/p/danet-de-vainilla-natillas-pack-de-4-und/7037109",
    "price": 2.39,
    "reference_price": 4.98,
    "iva": 10,
    "reference_unit": "1 Kg",
    "date": "2023-01-17"
  },
  {
    "id": 5559,
    "name": "Membrillo 2 x 200 Gr CONSUM",
    "description": "Membrillo 2 x 200 Gr",
    "category": "Membrillos y compotas",
    "url": "https://tienda.consum.es/es/p/membrillo-2-x-200-gr/7037125",
    "price": 1.3,
    "reference_price": 3.25,
    "iva": 10,
    "reference_unit": "1 Kg",
    "date": "2023-01-17"
  },
  {
    "id": 5561,
    "name": "Salmón Ahumado Noruego LA BALINESA",
    "description": "Salmón Ahumado Noruego 100 Gr",
    "category": "Ahumados",
    "url": "https://tienda.consum.es/es/p/salmon-ahumado-noruego/7037737",
    "price": 4.99,
    "reference_price": 49.9,
    "iva": 10,
    "reference_unit": "1 Kg",
    "date": "2023-01-17"
  },
  {
    "id": 5563,
    "name": "Salsa Bechamel Pack de 2 PRESIDENT",
    "description": "Salsa Bechamel Pack de 2 2 x 250 ml",
    "category": "Bechamel",
    "url": "https://tienda.consum.es/es/p/salsa-bechamel-pack-de-2/7041759",
    "price": 3.99,
    "reference_price": 7.98,
    "iva": 10,
    "reference_unit": "1 L",
    "date": "2023-01-17"
  },
  {
    "id": 5564,
    "name": "Nata Líquida Cocinar Espesa Botella PRESIDENT",
    "description": "Nata Líquida Cocinar Espesa Botella 500 ml",
    "category": "Nata para cocinar",
    "url": "https://tienda.consum.es/es/p/nata-liquida-cocinar-espesa-botella/7041762",
    "price": 3.89,
    "reference_price": 7.78,
    "iva": 10,
    "reference_unit": "1 L",
    "date": "2023-01-17"
  },
  {
    "id": 5565,
    "name": "Lenteja Cocida Pardina Frasco LUENGO",
    "description": "Lenteja Cocida Pardina Frasco 400 Gr",
    "category": "Lentejas",
    "url": "https://tienda.consum.es/es/p/lenteja-cocida-pardina-frasco/7042000",
    "price": 1.3,
    "reference_price": 3.25,
    "iva": 10,
    "reference_unit": "1 Kg",
    "date": "2023-01-17"
  },
  {
    "id": 5566,
    "name": "Rollo Multiusos Tornado Azul FOXY",
    "description": "Rollo Multiusos Tornado Azul 1 U",
    "category": "Papel de cocina",
    "url": "https://tienda.consum.es/es/p/rollo-multiusos-tornado-azul/7042153",
    "price": 6.15,
    "reference_price": 6.15,
    "iva": 21,
    "reference_unit": "1 U",
    "date": "2023-01-17"
  },
  {
    "id": 5567,
    "name": "Garbanzo Cocido Frasco LUENGO",
    "description": "Garbanzo Cocido Frasco 400 Gr",
    "category": "Garbanzos",
    "url": "https://tienda.consum.es/es/p/garbanzo-cocido-frasco/7042364",
    "price": 1.3,
    "reference_price": 3.25,
    "iva": 10,
    "reference_unit": "1 Kg",
    "date": "2023-01-17"
  },
  {
    "id": 5568,
    "name": "Alubia Blanca Cocida Frasco LUENGO",
    "description": "Alubia Blanca Cocida Frasco 400 Gr",
    "category": "Alubias",
    "url": "https://tienda.consum.es/es/p/alubia-blanca-cocida-frasco/7042369",
    "price": 1.3,
    "reference_price": 3.25,
    "iva": 10,
    "reference_unit": "1 Kg",
    "date": "2023-01-17"
  },
  {
    "id": 5569,
    "name": "Carne de Alcachofas Lata PELLI",
    "description": "Carne de Alcachofas Lata 240 Gr",
    "category": "Alcachofa",
    "url": "https://tienda.consum.es/es/p/carne-de-alcachofas-lata/7042646",
    "price": 1.99,
    "reference_price": 8.29,
    "iva": 10,
    "reference_unit": "1 Kg",
    "date": "2023-01-17"
  },
  {
    "id": 5572,
    "name": "Batido de Chocolate Botella CONSUM",
    "description": "Batido de Chocolate Botella 1 L",
    "category": "Batidos y cafés",
    "url": "https://tienda.consum.es/es/p/batido-de-chocolate-botella/7042695",
    "price": 1.2,
    "reference_price": 1.2,
    "iva": 10,
    "reference_unit": "1 L",
    "date": "2023-01-17"
  },
  {
    "id": 5573,
    "name": "Bebida Refrescante CHAMPIN",
    "description": "Bebida Refrescante 0,75 L",
    "category": "Licores y vermouth",
    "url": "https://tienda.consum.es/es/p/bebida-refrescante/7042922",
    "price": 3.39,
    "reference_price": 4.52,
    "iva": 21,
    "reference_unit": "1 L",
    "date": "2023-01-17"
  },
  {
    "id": 19365,
    "name": "Dentífrico Triple Acción Xtra Blancura COLGATE",
    "description": "Dentífrico Triple Acción Xtra Blancura 75 ml",
    "category": "Dentífricos",
    "url": "https://tienda.consum.es/es/p/dentifrico-triple-accion-xtra-blancura/7320468",
    "price": 2.59,
    "reference_price": 3.45,
    "iva": 21,
    "reference_unit": "100 ml",
    "date": "2023-01-17"
  },
  {
    "id": 19374,
    "name": "Brócoli Microondas CONSUM",
    "description": "Brócoli Microondas 225 Gr",
    "category": "Verduras microondas",
    "url": "https://tienda.consum.es/es/p/brocoli-microondas/7321503",
    "price": 1.42,
    "reference_price": 6.31,
    "iva": 0,
    "reference_unit": "1 Kg",
    "date": "2023-01-17"
  },
  {
    "id": 19404,
    "name": "Tomate Frito Tradicional Frasco CONSUM",
    "description": "Tomate Frito Tradicional Frasco 550 Gr",
    "category": "Tomate",
    "url": "https://tienda.consum.es/es/p/tomate-frito-tradicional-frasco/7317451",
    "price": 2.15,
    "reference_price": 3.91,
    "iva": 10,
    "reference_unit": "1 Kg",
    "date": "2023-01-17"
  },
  {
    "id": 19405,
    "name": "Rosquilletas Con Choco Pack de 2 CONSUM",
    "description": "Rosquilletas Con Choco Pack de 2 2 x 80 Gr",
    "category": "Rosquilletas, picos y snacks",
    "url": "https://tienda.consum.es/es/p/rosquilletas-con-choco-pack-de-2/7318038",
    "price": 1.3,
    "reference_price": 8.13,
    "iva": 10,
    "reference_unit": "1 Kg",
    "date": "2023-01-17"
  },
  {
    "id": 19408,
    "name": "Relleno para Sándwich Pollo Curry BOCADELIA",
    "description": "Relleno para Sándwich Pollo Curry 180 Gr",
    "category": "Patés y untables",
    "url": "https://tienda.consum.es/es/p/relleno-para-sandwich-pollo-curry/7319788",
    "price": 3.59,
    "reference_price": 19.94,
    "iva": 10,
    "reference_unit": "1 Kg",
    "date": "2023-01-17"
  },
  {
    "id": 19409,
    "name": "Tortilla Wrap Trigo Paquete 6 Unidades ZANUY",
    "description": "Tortilla Wrap Trigo Paquete 6 Unidades 375 Gr",
    "category": "Pan de hamburguesa, hot dog y wraps",
    "url": "https://tienda.consum.es/es/p/tortilla-wrap-trigo-paquete-6-unidades/7320229",
    "price": 2.35,
    "reference_price": 6.27,
    "iva": 10,
    "reference_unit": "1 Kg",
    "date": "2023-01-17"
  },
  {
    "id": 19414,
    "name": "Foie Gras Entero de Pato Micuit Skin MARTIKO",
    "description": "Foie Gras Entero de Pato Micuit Skin 100 Gr",
    "category": "Foie y patés ",
    "url": "https://tienda.consum.es/es/p/foie-gras-entero-de-pato-micuit-skin/7320398",
    "price": 7.4,
    "reference_price": 74,
    "iva": 10,
    "reference_unit": "1 Kg",
    "date": "2023-01-17"
  },
  {
    "id": 19418,
    "name": "Espuma en Crema Rizos Definidos GIORGI",
    "description": "Espuma en Crema Rizos Definidos 150 ml",
    "category": "Espumas y mousses",
    "url": "https://tienda.consum.es/es/p/espuma-en-crema-rizos-definidos/7321011",
    "price": 3.85,
    "reference_price": 2.57,
    "iva": 21,
    "reference_unit": "100 ml",
    "date": "2023-01-17"
  },
  {
    "id": 19420,
    "name": "Colágeno con magnesio NATURTIERRA",
    "description": "Colágeno con magnesio 180 U",
    "category": "Fitoterapia",
    "url": "https://tienda.consum.es/es/p/colageno-con-magnesio/7321029",
    "price": 6.99,
    "reference_price": 0.04,
    "iva": 10,
    "reference_unit": "1 U",
    "date": "2023-01-17"
  },
  {
    "id": 19422,
    "name": "Snack Chocolate Delice KINDER",
    "description": "Snack Chocolate Delice 186 Gr",
    "category": "Chocolatinas y bombones",
    "url": "https://tienda.consum.es/es/p/snack-chocolate-delice/7321206",
    "price": 2.29,
    "reference_price": 12.31,
    "iva": 10,
    "reference_unit": "1 Kg",
    "date": "2023-01-17"
  },
  {
    "id": 19425,
    "name": "Caramelo Blando Frutas SUGUS",
    "description": "Caramelo Blando Frutas 150 Gr",
    "category": "Chicles, caramelos y gominolas",
    "url": "https://tienda.consum.es/es/p/caramelo-blando-frutas/7321235",
    "price": 2.19,
    "reference_price": 14.6,
    "iva": 10,
    "reference_unit": "1 Kg",
    "date": "2023-01-17"
  },
  {
    "id": 19427,
    "name": "Pan Hamburguesa 98% Integral 4 Unidade ",
    "description": "Pan Hamburguesa 98% Integral 4 Unidade 300 Gr",
    "category": "Pan hamburguesas y perritos",
    "url": "https://tienda.consum.es/es/p/pan-hamburguesa-98-integral-4-unidade/7321347",
    "price": 1.59,
    "reference_price": 5.3,
    "iva": 10,
    "reference_unit": "1 Kg",
    "date": "2023-01-17"
  },
  {
    "id": 19428,
    "name": "Spray Negro Nº1 Retoca Raices MAGIC RETOUC",
    "description": "Spray Negro Nº1 Retoca Raices 100 ml",
    "category": "Coloración",
    "url": "https://tienda.consum.es/es/p/spray-negro-n1-retoca-raices/7321354",
    "price": 6.4,
    "reference_price": 6.4,
    "iva": 21,
    "reference_unit": "100 ml",
    "date": "2023-01-17"
  },
  {
    "id": 19431,
    "name": "Jamón Cocido Braseado Finas Lonchas CONSUM",
    "description": "Jamón Cocido Braseado Finas Lonchas 160 Gr",
    "category": "Jamón cocido - york",
    "url": "https://tienda.consum.es/es/p/jamon-cocido-braseado-finas-lonchas/7293756",
    "price": 1.65,
    "reference_price": 10.31,
    "iva": 10,
    "reference_unit": "1 Kg",
    "date": "2023-01-17"
  },
  {
    "id": 19436,
    "name": "Jamón de Pato Lonchas Pack 2 Unidades MARTIKO",
    "description": "Jamón de Pato Lonchas Pack 2 Unidades 2 x 30 Gr",
    "category": "Otros curados",
    "url": "https://tienda.consum.es/es/p/jamon-de-pato-lonchas-pack-2-unidades/7320401",
    "price": 4.32,
    "reference_price": 72,
    "iva": 10,
    "reference_unit": "1 Kg",
    "date": "2023-01-17"
  },
  {
    "id": 19439,
    "name": "Espirales de Espelta Bio Integral Paquete ROMERO",
    "description": "Espirales de Espelta Bio Integral Paquete 400 Gr",
    "category": "Pastas",
    "url": "https://tienda.consum.es/es/p/espirales-de-espelta-bio-integral-paquete/7320716",
    "price": 2.19,
    "reference_price": 5.48,
    "iva": 5,
    "reference_unit": "1 Kg",
    "date": "2023-01-17"
  },
  {
    "id": 19441,
    "name": "Salsa Cheddar Bacon Bote ORLANDO",
    "description": "Salsa Cheddar Bacon Bote 245 Gr",
    "category": "Otras salsas",
    "url": "https://tienda.consum.es/es/p/salsa-cheddar-bacon-bote/7320955",
    "price": 1.99,
    "reference_price": 8.12,
    "iva": 10,
    "reference_unit": "1 Kg",
    "date": "2023-01-17"
  },
  {
    "id": 19447,
    "name": "Campurrianas con Trocitos de Chocolate CUETARA",
    "description": "Campurrianas con Trocitos de Chocolate 450 Gr",
    "category": "Desayuno y maría",
    "url": "https://tienda.consum.es/es/p/campurrianas-con-trocitos-de-chocolate/7321180",
    "price": 4.99,
    "reference_price": 11.09,
    "iva": 10,
    "reference_unit": "1 Kg",
    "date": "2023-01-17"
  },
  {
    "id": 19448,
    "name": "Gragea de Regaliz sin Gluten KING REGAL",
    "description": "Gragea de Regaliz sin Gluten 150 Gr",
    "category": "Chicles, caramelos y gominolas",
    "url": "https://tienda.consum.es/es/p/gragea-de-regaliz-sin-gluten/7321230",
    "price": 1.35,
    "reference_price": 9,
    "iva": 10,
    "reference_unit": "1 Kg",
    "date": "2023-01-17"
  },
  {
    "id": 19451,
    "name": "Spray Marron Nº2 Retoca Raices MAGIC RETOUC",
    "description": "Spray Marron Nº2 Retoca Raices 100 ml",
    "category": "Coloración",
    "url": "https://tienda.consum.es/es/p/spray-marron-n2-retoca-raices/7321359",
    "price": 6.4,
    "reference_price": 6.4,
    "iva": 21,
    "reference_unit": "100 ml",
    "date": "2023-01-17"
  },
  {
    "id": 19452,
    "name": "Spray Castaño Nº3 Retoca Raices MAGIC RETOUC",
    "description": "Spray Castaño Nº3 Retoca Raices 100 ml",
    "category": "Coloración",
    "url": "https://tienda.consum.es/es/p/spray-castano-n3-retoca-raices/7321482",
    "price": 6.4,
    "reference_price": 6.4,
    "iva": 21,
    "reference_unit": "100 ml",
    "date": "2023-01-17"
  },
  {
    "id": 19453,
    "name": "Spray Rubio Oscuro Nº4 Retoca Raices MAGIC RETOUC",
    "description": "Spray Rubio Oscuro Nº4 Retoca Raices 100 ml",
    "category": "Coloración",
    "url": "https://tienda.consum.es/es/p/spray-rubio-oscuro-n4-retoca-raices/7321487",
    "price": 6.4,
    "reference_price": 6.4,
    "iva": 21,
    "reference_unit": "100 ml",
    "date": "2023-01-17"
  },
  {
    "id": 19454,
    "name": "Spray Rubio Claro Nº 5 Retoca Raices MAGIC RETOUC",
    "description": "Spray Rubio Claro Nº 5 Retoca Raices 100 ml",
    "category": "Coloración",
    "url": "https://tienda.consum.es/es/p/spray-rubio-claro-n-5-retoca-raices/7321490",
    "price": 6.4,
    "reference_price": 6.4,
    "iva": 21,
    "reference_unit": "100 ml",
    "date": "2023-01-17"
  },
  {
    "id": 19455,
    "name": "Spray Caoba Nº5 Retoca Raices MAGIC RETOUC",
    "description": "Spray Caoba Nº5 Retoca Raices 100 ml",
    "category": "Coloración",
    "url": "https://tienda.consum.es/es/p/spray-caoba-n5-retoca-raices/7321495",
    "price": 6.4,
    "reference_price": 6.4,
    "iva": 21,
    "reference_unit": "100 ml",
    "date": "2023-01-17"
  },
  {
    "id": 19464,
    "name": "Calabaza Eco Peso Aproximado 800 Gr. ",
    "description": "Calabaza Eco Peso Aproximado 800 Gr",
    "category": "Calabaza y calabacín",
    "url": "https://tienda.consum.es/es/p/calabaza-eco-peso-aproximado-800-gr/7322410",
    "price": 1.72,
    "reference_price": 2.15,
    "iva": 0,
    "reference_unit": "1 Kg",
    "date": "2023-01-17"
  },
  {
    "id": 19482,
    "name": "Kétchup Botella HEINZ",
    "description": "Kétchup Botella 460 Gr",
    "category": "Ketchup",
    "url": "https://tienda.consum.es/es/p/ketchup-botella/7320588",
    "price": 3.35,
    "reference_price": 7.28,
    "iva": 10,
    "reference_unit": "1 Kg",
    "date": "2023-01-17"
  },
  {
    "id": 19483,
    "name": "Harina para Bizcochos Paquete GALLO",
    "description": "Harina para Bizcochos Paquete 1 Kg",
    "category": "Harinas y levaduras",
    "url": "https://tienda.consum.es/es/p/harina-para-bizcochos-paquete/7320802",
    "price": 1.69,
    "reference_price": 1.69,
    "iva": 10,
    "reference_unit": "1 Kg",
    "date": "2023-01-17"
  },
  {
    "id": 19484,
    "name": "Surtido Mix sin Azúcar DAMEL",
    "description": "Surtido Mix sin Azúcar 90 Gr",
    "category": "Chicles, caramelos y gominolas",
    "url": "https://tienda.consum.es/es/p/surtido-mix-sin-azucar/7321037",
    "price": 0.95,
    "reference_price": 10.56,
    "iva": 10,
    "reference_unit": "1 Kg",
    "date": "2023-01-17"
  },
  {
    "id": 19485,
    "name": "Cereal Soluble Ecológico EKO",
    "description": "Cereal Soluble Ecológico 150 Gr",
    "category": "Cacao y cereales solubles",
    "url": "https://tienda.consum.es/es/p/cereal-soluble-ecologico/7321052",
    "price": 2.75,
    "reference_price": 18.33,
    "iva": 10,
    "reference_unit": "1 Kg",
    "date": "2023-01-17"
  },
  {
    "id": 19490,
    "name": "Harina de Garbanzo Paquete HARIMSA",
    "description": "Harina de Garbanzo Paquete 400 Gr",
    "category": "Despensa",
    "url": "https://tienda.consum.es/es/p/harina-de-garbanzo-paquete/7321276",
    "price": 1.69,
    "reference_price": 4.23,
    "iva": 10,
    "reference_unit": "1 Kg",
    "date": "2023-01-17"
  },
  {
    "id": 19505,
    "name": "Ginebra Apple PREMIUM 38",
    "description": "Ginebra Apple 0,7 L",
    "category": "Licores y vermouth",
    "url": "https://tienda.consum.es/es/p/ginebra-apple/7322436",
    "price": 7.99,
    "reference_price": 11.41,
    "iva": 21,
    "reference_unit": "1 L",
    "date": "2023-01-17"
  },
  {
    "id": 19506,
    "name": "Ambientador Hogar Desinfectante Tejidos SANYTOL",
    "description": "Ambientador Hogar Desinfectante Tejidos 300 ml",
    "category": "Aerosol spray o pistola",
    "url": "https://tienda.consum.es/es/p/ambientador-hogar-desinfectante-tejidos/7322613",
    "price": 3.99,
    "reference_price": 1.33,
    "iva": 21,
    "reference_unit": "100 ml",
    "date": "2023-01-17"
  },
  {
    "id": 19507,
    "name": "Crema de Brie con Trufa PRESIDENT",
    "description": "Crema de Brie con Trufa 105 Gr",
    "category": "Quesos Para untar",
    "url": "https://tienda.consum.es/es/p/crema-de-brie-con-trufa/7322662",
    "price": 2.02,
    "reference_price": 19.24,
    "iva": 0,
    "reference_unit": "1 Kg",
    "date": "2023-01-17"
  },
  {
    "id": 19514,
    "name": "Detergente en Polvo CONSUM",
    "description": "Detergente en Polvo 36 Lv",
    "category": "Máquina polvo",
    "url": "https://tienda.consum.es/es/p/detergente-en-polvo/7310014",
    "price": 5.1,
    "reference_price": 0.14,
    "iva": 21,
    "reference_unit": "1 Lv",
    "date": "2023-01-17"
  },
  {
    "id": 19516,
    "name": "Refresco Cola Lata CONSUM",
    "description": "Refresco Cola Lata 0,33 L",
    "category": "Cola",
    "url": "https://tienda.consum.es/es/p/refresco-cola-lata/7315591",
    "price": 0.34,
    "reference_price": 1.03,
    "iva": 21,
    "reference_unit": "1 L",
    "date": "2023-01-17"
  },
  {
    "id": 19519,
    "name": "Aspirador nasal ergonómico TIGEX",
    "description": "Aspirador nasal ergonómico 1 U",
    "category": "Puericultura",
    "url": "https://tienda.consum.es/es/p/aspirador-nasal-ergonomico/7315914",
    "price": 4.59,
    "reference_price": 4.59,
    "iva": 21,
    "reference_unit": "1 U",
    "date": "2023-01-17"
  },
  {
    "id": 19520,
    "name": "Cepillo y peine TIGEX",
    "description": "Cepillo y peine 1 U",
    "category": "Puericultura",
    "url": "https://tienda.consum.es/es/p/cepillo-y-peine/7315927",
    "price": 3.85,
    "reference_price": 3.85,
    "iva": 21,
    "reference_unit": "1 U",
    "date": "2023-01-17"
  },
  {
    "id": 19521,
    "name": "Mis Amigos Marinos con chorro de agua TIGEX",
    "description": "Mis Amigos Marinos con chorro de agua 1 U",
    "category": "Puericultura",
    "url": "https://tienda.consum.es/es/p/mis-amigos-marinos-con-chorro-de-agua/7315930",
    "price": 5.39,
    "reference_price": 5.39,
    "iva": 21,
    "reference_unit": "1 U",
    "date": "2023-01-17"
  },
  {
    "id": 19522,
    "name": "Alubia Pinta Paquete CONSUM",
    "description": "Alubia Pinta Paquete 1 Kg",
    "category": "Legumbres secas",
    "url": "https://tienda.consum.es/es/p/alubia-pinta-paquete/7316750",
    "price": 2.16,
    "reference_price": 2.16,
    "iva": 0,
    "reference_unit": "1 Kg",
    "date": "2023-01-17"
  },
  {
    "id": 19525,
    "name": "Lentejas Paquete CONSUM",
    "description": "Lentejas Paquete 1 Kg",
    "category": "Legumbres secas",
    "url": "https://tienda.consum.es/es/p/lentejas-paquete/7316784",
    "price": 1.88,
    "reference_price": 1.88,
    "iva": 0,
    "reference_unit": "1 Kg",
    "date": "2023-01-17"
  },
  {
    "id": 19528,
    "name": "Menú Reptil Pellets Bote BIOZOO",
    "description": "Menú Reptil Pellets Bote 85 Gr",
    "category": "Comida para otras mascotas",
    "url": "https://tienda.consum.es/es/p/menu-reptil-pellets-bote/7318848",
    "price": 2.99,
    "reference_price": 35.18,
    "iva": 10,
    "reference_unit": "1 Kg",
    "date": "2023-01-17"
  },
  {
    "id": 19530,
    "name": "Kétchup Botella HEINZ",
    "description": "Kétchup Botella 700 Gr",
    "category": "Ketchup",
    "url": "https://tienda.consum.es/es/p/ketchup-botella/7320583",
    "price": 4.29,
    "reference_price": 6.13,
    "iva": 10,
    "reference_unit": "1 Kg",
    "date": "2023-01-17"
  },
  {
    "id": 19541,
    "name": "Pistacho Chocolateado LACASA",
    "description": "Pistacho Chocolateado 100 Gr",
    "category": "Chocolatinas y bombones",
    "url": "https://tienda.consum.es/es/p/pistacho-chocolateado/7321586",
    "price": 3.45,
    "reference_price": 34.5,
    "iva": 10,
    "reference_unit": "1 Kg",
    "date": "2023-01-17"
  },
  {
    "id": 19543,
    "name": "Crema Balsámica de Modena 0% Azúcares VULPI",
    "description": "Crema Balsámica de Modena 0% Azúcares 400 Gr",
    "category": "Vinagre",
    "url": "https://tienda.consum.es/es/p/crema-balsamica-de-modena-0-azucares/7321649",
    "price": 1.85,
    "reference_price": 4.63,
    "iva": 10,
    "reference_unit": "1 Kg",
    "date": "2023-01-17"
  },
  {
    "id": 19564,
    "name": "Mini Burgers Mixta ROLER",
    "description": "Mini Burgers Mixta 280 Gr",
    "category": "Picadas y hamburguesas",
    "url": "https://tienda.consum.es/es/p/mini-burgers-mixta/7323004",
    "price": 2.7,
    "reference_price": 9.64,
    "iva": 10,
    "reference_unit": "1 Kg",
    "date": "2023-01-17"
  },
  {
    "id": 19565,
    "name": "Longaniza de Pollo CONSUM",
    "description": "Longaniza de Pollo",
    "category": "Embutido",
    "url": "https://tienda.consum.es/es/p/longaniza-de-pollo/7323009",
    "price": 2.52,
    "reference_price": 6.8,
    "iva": 10,
    "reference_unit": "1 Kg",
    "date": "2023-01-17"
  },
  {
    "id": 19566,
    "name": "Medallón Solomillo Fino Pavo CONSUM",
    "description": "Medallón Solomillo Fino Pavo 290 Gr",
    "category": "Aves y conejo",
    "url": "https://tienda.consum.es/es/p/medallon-solomillo-fino-pavo/7323025",
    "price": 3.49,
    "reference_price": 12.03,
    "iva": 10,
    "reference_unit": "1 Kg",
    "date": "2023-01-17"
  },
  {
    "id": 19583,
    "name": "Chocolate Negro 72% Cacao CONSUM",
    "description": "Chocolate Negro 72% Cacao 100 Gr",
    "category": "Tabletas",
    "url": "https://tienda.consum.es/es/p/chocolate-negro-72-cacao/7301328",
    "price": 0.9,
    "reference_price": 9,
    "iva": 10,
    "reference_unit": "1 Kg",
    "date": "2023-01-17"
  },
  {
    "id": 19585,
    "name": "Chocolate Negro Flor de Sal Excellence LINDT",
    "description": "Chocolate Negro Flor de Sal Excellence 100 Gr",
    "category": "Tabletas",
    "url": "https://tienda.consum.es/es/p/chocolate-negro-flor-de-sal-excellence/7305167",
    "price": 2.65,
    "reference_price": 26.5,
    "iva": 10,
    "reference_unit": "1 Kg",
    "date": "2023-01-17"
  },
  {
    "id": 19586,
    "name": "Pack Gomas PONETTE",
    "description": "Pack Gomas 1 U",
    "category": "Peines y accesorios",
    "url": "https://tienda.consum.es/es/p/pack-gomas/7314730",
    "price": 1.99,
    "reference_price": 1.99,
    "iva": 21,
    "reference_unit": "1 U",
    "date": "2023-01-17"
  },
  {
    "id": 19587,
    "name": "Garbanzo Lechoso Paquete CONSUM",
    "description": "Garbanzo Lechoso Paquete 1 Kg",
    "category": "Legumbres secas",
    "url": "https://tienda.consum.es/es/p/garbanzo-lechoso-paquete/7316763",
    "price": 2.5,
    "reference_price": 2.5,
    "iva": 0,
    "reference_unit": "1 Kg",
    "date": "2023-01-17"
  },
  {
    "id": 19589,
    "name": "Goma Metálica Grande Negra PONETTE",
    "description": "Goma Metálica Grande Negra 10 U",
    "category": "Peines y accesorios",
    "url": "https://tienda.consum.es/es/p/goma-metalica-grande-negra/7321557",
    "price": 0.95,
    "reference_price": 0.1,
    "iva": 21,
    "reference_unit": "1 U",
    "date": "2023-01-17"
  },
  {
    "id": 19593,
    "name": "Menú Gammarus Tortugas BIOZOO",
    "description": "Menú Gammarus Tortugas 30 Gr",
    "category": "Comida para otras mascotas",
    "url": "https://tienda.consum.es/es/p/menu-gammarus-tortugas/7322428",
    "price": 2.09,
    "reference_price": 6.97,
    "iva": 10,
    "reference_unit": "100 Gr",
    "date": "2023-01-17"
  },
  {
    "id": 19595,
    "name": "Loción Corporal Avenatopic KINESIA",
    "description": "Loción Corporal Avenatopic 400 ml",
    "category": "Body-lociones",
    "url": "https://tienda.consum.es/es/p/locion-corporal-avenatopic/7323053",
    "price": 4.45,
    "reference_price": 1.11,
    "iva": 21,
    "reference_unit": "100 ml",
    "date": "2023-01-17"
  },
  {
    "id": 19600,
    "name": "Perlas Unstoppables Perfume Fresh LENOR",
    "description": "Perlas Unstoppables Perfume Fresh 15 Lv",
    "category": "Droguería y limpieza",
    "url": "https://tienda.consum.es/es/p/perlas-unstoppables-perfume-fresh/7323210",
    "price": 6.99,
    "reference_price": 0.47,
    "iva": 21,
    "reference_unit": "1 Lv",
    "date": "2023-01-17"
  },
  {
    "id": 19609,
    "name": "Isotonico Azul Botella UPGRADE",
    "description": "Isotonico Azul Botella 1,5 L",
    "category": "Isotónicas y energéticas",
    "url": "https://tienda.consum.es/es/p/isotonico-azul-botella/7323694",
    "price": 1.55,
    "reference_price": 1.03,
    "iva": 21,
    "reference_unit": "1 L",
    "date": "2023-01-17"
  },
  {
    "id": 19614,
    "name": "Entrecot de Novillo Argentino ",
    "description": "Entrecot de Novillo Argentino",
    "category": "Ternera y añojo",
    "url": "https://tienda.consum.es/es/p/entrecot-de-novillo-argentino/109751",
    "price": 5,
    "reference_price": 33.5,
    "iva": 10,
    "reference_unit": "1 Kg",
    "date": "2023-01-17"
  },
  {
    "id": 19615,
    "name": "Filete Solomillo de Añojo opcional ",
    "description": "Filete Solomillo de Añojo",
    "category": "Ternera y añojo",
    "url": "https://tienda.consum.es/es/p/filete-solomillo-de-anojo-opcional/120576",
    "price": 5.96,
    "reference_price": 39.95,
    "iva": 10,
    "reference_unit": "1 Kg",
    "date": "2023-01-17"
  },
  {
    "id": 19616,
    "name": "Cabeza de Lomo sin Hueso ",
    "description": "Cabeza de Lomo sin Hueso",
    "category": "Cerdo",
    "url": "https://tienda.consum.es/es/p/cabeza-de-lomo-sin-hueso/993381",
    "price": 0.57,
    "reference_price": 6.3,
    "iva": 10,
    "reference_unit": "1 Kg",
    "date": "2023-01-17"
  },
  {
    "id": 19617,
    "name": "Chuleta Aguja de Cerdo ",
    "description": "Chuleta Aguja de Cerdo",
    "category": "Cerdo",
    "url": "https://tienda.consum.es/es/p/chuleta-aguja-de-cerdo/993423",
    "price": 0.72,
    "reference_price": 5.55,
    "iva": 10,
    "reference_unit": "1 Kg",
    "date": "2023-01-17"
  },
  {
    "id": 19618,
    "name": "Chuleta de Lomo Cerdo ",
    "description": "Chuleta de Lomo Cerdo",
    "category": "Cerdo",
    "url": "https://tienda.consum.es/es/p/chuleta-de-lomo-cerdo/993498",
    "price": 0.62,
    "reference_price": 4.99,
    "iva": 10,
    "reference_unit": "1 Kg",
    "date": "2023-01-17"
  },
  {
    "id": 19619,
    "name": "Panceta de Cerdo ",
    "description": "Panceta de Cerdo",
    "category": "Cerdo",
    "url": "https://tienda.consum.es/es/p/panceta-de-cerdo/993621",
    "price": 0.5,
    "reference_price": 6.54,
    "iva": 10,
    "reference_unit": "1 Kg",
    "date": "2023-01-17"
  },
  {
    "id": 19620,
    "name": "Filete Lomo de Cerdo ",
    "description": "Filete Lomo de Cerdo",
    "category": "Cerdo",
    "url": "https://tienda.consum.es/es/p/filete-lomo-de-cerdo/3167947",
    "price": 0.41,
    "reference_price": 6.3,
    "iva": 10,
    "reference_unit": "1 Kg",
    "date": "2023-01-17"
  },
  {
    "id": 19621,
    "name": "Añojo para Guisar ",
    "description": "Añojo para Guisar",
    "category": "Ternera y añojo",
    "url": "https://tienda.consum.es/es/p/anojo-para-guisar/4907663",
    "price": 13.9,
    "reference_price": 13.9,
    "iva": 10,
    "reference_unit": "1 Kg",
    "date": "2023-01-17"
  },
  {
    "id": 19622,
    "name": "Lomo Entrecot de Ternera Gallega ",
    "description": "Lomo Entrecot de Ternera Gallega",
    "category": "Ternera y añojo",
    "url": "https://tienda.consum.es/es/p/lomo-entrecot-de-ternera-gallega/7090467",
    "price": 5.99,
    "reference_price": 29.95,
    "iva": 10,
    "reference_unit": "1 Kg",
    "date": "2023-01-17"
  },
  {
    "id": 19624,
    "name": "Filete Solomillo de Ternera Gallega ",
    "description": "Filete Solomillo de Ternera Gallega",
    "category": "Ternera y añojo",
    "url": "https://tienda.consum.es/es/p/filete-solomillo-de-ternera-gallega/7121874",
    "price": 7.16,
    "reference_price": 47.95,
    "iva": 10,
    "reference_unit": "1 Kg",
    "date": "2023-01-17"
  },
  {
    "id": 19629,
    "name": "Turbo 2 en 1 Recambio VILEDA",
    "description": "Turbo 2 en 1 Recambio 1 U",
    "category": "Cubos y barreños",
    "url": "https://tienda.consum.es/es/p/turbo-2-en-1-recambio/7311228",
    "price": 8.19,
    "reference_price": 8.19,
    "iva": 21,
    "reference_unit": "1 U",
    "date": "2023-01-17"
  },
  {
    "id": 19630,
    "name": "Alubia Blanca Paquete CONSUM",
    "description": "Alubia Blanca Paquete 1 Kg",
    "category": "Legumbres secas",
    "url": "https://tienda.consum.es/es/p/alubia-blanca-paquete/7316755",
    "price": 1.92,
    "reference_price": 1.92,
    "iva": 0,
    "reference_unit": "1 Kg",
    "date": "2023-01-17"
  },
  {
    "id": 19632,
    "name": "Cápsulas Faciales Flash Effect DIADERMINE",
    "description": "Cápsulas Faciales Flash Effect 7 U",
    "category": "Tratamiento",
    "url": "https://tienda.consum.es/es/p/capsulas-faciales-flash-effect/7320547",
    "price": 7.99,
    "reference_price": 1.14,
    "iva": 21,
    "reference_unit": "1 U",
    "date": "2023-01-17"
  },
  {
    "id": 19633,
    "name": "Goma Básica Grande Negra PONETTE",
    "description": "Goma Básica Grande Negra 6 U",
    "category": "Peines y accesorios",
    "url": "https://tienda.consum.es/es/p/goma-basica-grande-negra/7321545",
    "price": 0.95,
    "reference_price": 0.16,
    "iva": 21,
    "reference_unit": "1 U",
    "date": "2023-01-17"
  },
  {
    "id": 19637,
    "name": "Cava Brut D.O.Cava IDILICUM",
    "description": "Cava Brut D.O.Cava 0,75 L",
    "category": "Cavas y sidras",
    "url": "https://tienda.consum.es/es/p/cava-brut-docava/7321727",
    "price": 6.29,
    "reference_price": 8.39,
    "iva": 21,
    "reference_unit": "1 L",
    "date": "2023-01-17"
  },
  {
    "id": 19640,
    "name": "Comida Perros Humeda 2Pollo-2Buey y Verdura PEDIGREE",
    "description": "Comida Perros Humeda 2Pollo-2Buey y Verdura 4 x 100 Gr",
    "category": "Húmedo",
    "url": "https://tienda.consum.es/es/p/comida-perros-humeda-2pollo-2buey-y-verdura/7322956",
    "price": 2.49,
    "reference_price": 6.23,
    "iva": 10,
    "reference_unit": "1 Kg",
    "date": "2023-01-17"
  },
  {
    "id": 19650,
    "name": "Servilleta 2 Capas Happy Hour FOXY",
    "description": "Servilleta 2 Capas Happy Hour 60 U",
    "category": "Servilletas de papel",
    "url": "https://tienda.consum.es/es/p/servilleta-2-capas-happy-hour/7323462",
    "price": 2.09,
    "reference_price": 0.04,
    "iva": 21,
    "reference_unit": "1 U",
    "date": "2023-01-17"
  },
  {
    "id": 19651,
    "name": "Arena de Gatos Absorbente CITYCAT",
    "description": "Arena de Gatos Absorbente 5 Kg",
    "category": "Cuidado e higiene",
    "url": "https://tienda.consum.es/es/p/arena-de-gatos-absorbente/7323504",
    "price": 1.15,
    "reference_price": 0.23,
    "iva": 21,
    "reference_unit": "1 Kg",
    "date": "2023-01-17"
  },
  {
    "id": 19652,
    "name": "Arena de Gatos Perfumada CITYCAT",
    "description": "Arena de Gatos Perfumada 5 Kg",
    "category": "Cuidado e higiene",
    "url": "https://tienda.consum.es/es/p/arena-de-gatos-perfumada/7323509",
    "price": 1.5,
    "reference_price": 0.3,
    "iva": 21,
    "reference_unit": "1 Kg",
    "date": "2023-01-17"
  },
  {
    "id": 19655,
    "name": "Cerveza Artesana LA SOCARRADA",
    "description": "Cerveza Artesana 0,33 L",
    "category": "Especialidades",
    "url": "https://tienda.consum.es/es/p/cerveza-artesana/7323793",
    "price": 2.95,
    "reference_price": 8.94,
    "iva": 21,
    "reference_unit": "1 L",
    "date": "2023-01-17"
  },
  {
    "id": 19682,
    "name": "Pila Alcalina AA Blister 4 Más 2 ENERGIZER",
    "description": "Pila Alcalina AA Blister 4 Más 2 6 x 1 U",
    "category": "Electricidad, pilas y bombillas",
    "url": "https://tienda.consum.es/es/p/pila-alcalina-aa-blister-4-mas-2/7262447",
    "price": 4.99,
    "reference_price": 0.83,
    "iva": 21,
    "reference_unit": "1 U",
    "date": "2023-01-17"
  },
  {
    "id": 19686,
    "name": "Bebida Granada Light Botella CONSUM",
    "description": "Bebida Granada Light Botella 1 L",
    "category": "Zumos y néctares sin azúcar",
    "url": "https://tienda.consum.es/es/p/bebida-granada-light-botella/7291115",
    "price": 0.99,
    "reference_price": 0.99,
    "iva": 21,
    "reference_unit": "1 L",
    "date": "2023-01-17"
  },
  {
    "id": 19693,
    "name": "Goma Trenzada Negra PONETTE",
    "description": "Goma Trenzada Negra 2 U",
    "category": "Peines y accesorios",
    "url": "https://tienda.consum.es/es/p/goma-trenzada-negra/7321537",
    "price": 1.99,
    "reference_price": 1,
    "iva": 21,
    "reference_unit": "1 U",
    "date": "2023-01-17"
  },
  {
    "id": 19695,
    "name": "Pannacotta Caramelo Pack de 2 Unidades D.PASTICCERI",
    "description": "Pannacotta Caramelo Pack de 2 Unidades 2 x 100 Gr",
    "category": "Otros postres",
    "url": "https://tienda.consum.es/es/p/pannacotta-caramelo-pack-de-2-unidades/7321735",
    "price": 1.85,
    "reference_price": 9.25,
    "iva": 10,
    "reference_unit": "1 Kg",
    "date": "2023-01-17"
  },
  {
    "id": 19705,
    "name": "Refresco Limón Botella FANTA",
    "description": "Refresco Limón Botella 1,25 L",
    "category": "Limón y lima-limón",
    "url": "https://tienda.consum.es/es/p/refresco-limon-botella/7323061",
    "price": 1.49,
    "reference_price": 1.19,
    "iva": 21,
    "reference_unit": "1 L",
    "date": "2023-01-17"
  },
  {
    "id": 19706,
    "name": "Refresco Naranja Botella FANTA",
    "description": "Refresco Naranja Botella 1,25 L",
    "category": "Naranja",
    "url": "https://tienda.consum.es/es/p/refresco-naranja-botella/7323074",
    "price": 1.49,
    "reference_price": 1.19,
    "iva": 21,
    "reference_unit": "1 L",
    "date": "2023-01-17"
  },
  {
    "id": 19708,
    "name": "Cerveza Maestra Dunkel Botella MAHOU",
    "description": "Cerveza Maestra Dunkel Botella 0,33 L",
    "category": "Nacional botella",
    "url": "https://tienda.consum.es/es/p/cerveza-maestra-dunkel-botella/7323491",
    "price": 1.45,
    "reference_price": 4.39,
    "iva": 21,
    "reference_unit": "1 L",
    "date": "2023-01-17"
  },
  {
    "id": 19712,
    "name": "Chocolate Fondant DOLCA",
    "description": "Chocolate Fondant 100 Gr",
    "category": "Tabletas",
    "url": "https://tienda.consum.es/es/p/chocolate-fondant/7323814",
    "price": 0.7,
    "reference_price": 7,
    "iva": 10,
    "reference_unit": "1 Kg",
    "date": "2023-01-17"
  },
  {
    "id": 19713,
    "name": "Chocolate con Leche Extrafino DOLCA",
    "description": "Chocolate con Leche Extrafino 100 Gr",
    "category": "Tabletas",
    "url": "https://tienda.consum.es/es/p/chocolate-con-leche-extrafino/7323827",
    "price": 0.7,
    "reference_price": 7,
    "iva": 10,
    "reference_unit": "1 Kg",
    "date": "2023-01-17"
  },
  {
    "id": 19714,
    "name": "Huevo Campero Cocido 1/2 Docena MONTERDE",
    "description": "Huevo Campero Cocido 1/2 Docena 0,5 Dc",
    "category": "Huevos",
    "url": "https://tienda.consum.es/es/p/huevo-campero-cocido-1/2-docena/7324080",
    "price": 1.99,
    "reference_price": 3.98,
    "iva": 10,
    "reference_unit": "1 Dc",
    "date": "2023-01-17"
  },
  {
    "id": 19726,
    "name": "Pera Conferencia D.O. Rincón de Soto ",
    "description": "Pera Conferencia D.O. Rincón de Soto 750 Gr",
    "category": "Manzana, pera y plátano",
    "url": "https://tienda.consum.es/es/p/pera-conferencia-do-rincon-de-soto/7324739",
    "price": 2.59,
    "reference_price": 3.45,
    "iva": 0,
    "reference_unit": "1 Kg",
    "date": "2023-01-17"
  },
  {
    "id": 19728,
    "name": "Pant Hombre Talla S/M DEPEND",
    "description": "Pant Hombre Talla S/M 10 U",
    "category": "Compresas y protegeslips",
    "url": "https://tienda.consum.es/es/p/pant-hombre-talla-s/m/7281231",
    "price": 11.5,
    "reference_price": 1.15,
    "iva": 10,
    "reference_unit": "1 U",
    "date": "2023-01-17"
  },
  {
    "id": 19730,
    "name": "Gofre con Chocolate 120 Más 20 g WAFFY",
    "description": "Gofre con Chocolate 120 Más 20 g 140 Gr",
    "category": "Bollería industrial",
    "url": "https://tienda.consum.es/es/p/gofre-con-chocolate-120-mas-20-g/7290091",
    "price": 0.79,
    "reference_price": 5.64,
    "iva": 10,
    "reference_unit": "1 Kg",
    "date": "2023-01-17"
  },
  {
    "id": 19732,
    "name": "Comida Seca Gatos Pollo VITALITY",
    "description": "Comida Seca Gatos Pollo 450 Gr",
    "category": "Seco",
    "url": "https://tienda.consum.es/es/p/comida-seca-gatos-pollo/7300622",
    "price": 2.1,
    "reference_price": 4.67,
    "iva": 10,
    "reference_unit": "1 Kg",
    "date": "2023-01-17"
  },
  {
    "id": 19737,
    "name": "Detergente en Polvo CONSUM",
    "description": "Detergente en Polvo 70 Lv",
    "category": "Máquina polvo",
    "url": "https://tienda.consum.es/es/p/detergente-en-polvo/7310019",
    "price": 9.55,
    "reference_price": 0.14,
    "iva": 21,
    "reference_unit": "1 Lv",
    "date": "2023-01-17"
  },
  {
    "id": 19740,
    "name": "Gel Íntimo Naturals DUREX",
    "description": "Gel Íntimo Naturals 100 ml",
    "category": "Preservativos",
    "url": "https://tienda.consum.es/es/p/gel-intimo-naturals/7316201",
    "price": 11.99,
    "reference_price": 11.99,
    "iva": 21,
    "reference_unit": "100 ml",
    "date": "2023-01-17"
  },
  {
    "id": 19776,
    "name": "Mejillones de Galicia A la Vinagreta GALICA",
    "description": "Mejillones de Galicia A la Vinagreta 65 Gr",
    "category": "Mejillones",
    "url": "https://tienda.consum.es/es/p/mejillones-de-galicia-a-la-vinagreta/7323640",
    "price": 2.15,
    "reference_price": 33.08,
    "iva": 10,
    "reference_unit": "1 Kg",
    "date": "2023-01-17"
  },
  {
    "id": 19780,
    "name": "Jengibre con Mango 20 Bolsitas POMPADOUR",
    "description": "Jengibre con Mango 20 Bolsitas 20 U",
    "category": "Otras infusiones",
    "url": "https://tienda.consum.es/es/p/jengibre-con-mango-20-bolsitas/7324242",
    "price": 2.5,
    "reference_price": 0.13,
    "iva": 10,
    "reference_unit": "1 U",
    "date": "2023-01-17"
  },
  {
    "id": 19781,
    "name": "Cacao Soluble Negro70% VALOR",
    "description": "Cacao Soluble Negro70% 300 Gr",
    "category": "Cacao soluble",
    "url": "https://tienda.consum.es/es/p/cacao-soluble-negro70/7324254",
    "price": 3.99,
    "reference_price": 13.3,
    "iva": 10,
    "reference_unit": "1 Kg",
    "date": "2023-01-17"
  },
  {
    "id": 19786,
    "name": "Fuet sin Lactosa ARGAL",
    "description": "Fuet sin Lactosa 160 Gr",
    "category": "Curado",
    "url": "https://tienda.consum.es/es/p/fuet-sin-lactosa/7324457",
    "price": 2.29,
    "reference_price": 14.31,
    "iva": 10,
    "reference_unit": "1 Kg",
    "date": "2023-01-17"
  },
  {
    "id": 19788,
    "name": "Tortita maíz Jordi Cruz Jamón Ibérico BICENTURY",
    "description": "Tortita maíz Jordi Cruz Jamón Ibérico 123.5 gr",
    "category": "Alimentación dietética básica",
    "url": "https://tienda.consum.es/es/p/tortita-maiz-jordi-cruz-jamon-iberico/7324549",
    "price": 1.99,
    "reference_price": 16.11,
    "iva": 10,
    "reference_unit": "1 Kg",
    "date": "2023-01-17"
  },
  {
    "id": 19792,
    "name": "Jabón manos piña y coco LAISEVEN",
    "description": "Jabón manos piña y coco 400 ml",
    "category": "Gel de manos",
    "url": "https://tienda.consum.es/es/p/jabon-manos-pina-y-coco/7324593",
    "price": 2.79,
    "reference_price": 0.7,
    "iva": 21,
    "reference_unit": "100 ml",
    "date": "2023-01-17"
  },
  {
    "id": 19794,
    "name": "Gofre Natural Waffy WAFFY",
    "description": "Gofre Natural Waffy 120 Gr",
    "category": "Bollería industrial",
    "url": "https://tienda.consum.es/es/p/gofre-natural-waffy/7324619",
    "price": 0.69,
    "reference_price": 5.75,
    "iva": 10,
    "reference_unit": "1 Kg",
    "date": "2023-01-17"
  },
  {
    "id": 19796,
    "name": "Burger de Potro LA CASONA",
    "description": "Burger de Potro 220 Gr",
    "category": "Picadas y hamburguesas",
    "url": "https://tienda.consum.es/es/p/burger-de-potro/7324630",
    "price": 3.65,
    "reference_price": 16.59,
    "iva": 10,
    "reference_unit": "1 Kg",
    "date": "2023-01-17"
  },
  {
    "id": 19806,
    "name": "Mermelada Ecológica Fresa CONSUM ECO",
    "description": "Mermelada Ecológica Fresa 350 Gr",
    "category": "Mermeladas y confituras",
    "url": "https://tienda.consum.es/es/p/mermelada-ecologica-fresa/7288442",
    "price": 2.25,
    "reference_price": 6.43,
    "iva": 10,
    "reference_unit": "1 Kg",
    "date": "2023-01-17"
  },
  {
    "id": 19807,
    "name": "Mermelada Ecológica Melocotón CONSUM ECO",
    "description": "Mermelada Ecológica Melocotón 350 Gr",
    "category": "Mermeladas y confituras",
    "url": "https://tienda.consum.es/es/p/mermelada-ecologica-melocoton/7288447",
    "price": 2.25,
    "reference_price": 6.43,
    "iva": 10,
    "reference_unit": "1 Kg",
    "date": "2023-01-17"
  },
  {
    "id": 19810,
    "name": "Cera En Gel Look Natural GIORGI",
    "description": "Cera En Gel Look Natural 145 ml",
    "category": "Gel y cera",
    "url": "https://tienda.consum.es/es/p/cera-en-gel-look-natural/7302487",
    "price": 3.45,
    "reference_price": 2.38,
    "iva": 21,
    "reference_unit": "100 ml",
    "date": "2023-01-17"
  },
  {
    "id": 19811,
    "name": "Tiras Purificantes DIADERMINE",
    "description": "Tiras Purificantes 6 U",
    "category": "Limpieza y desmaquilladores",
    "url": "https://tienda.consum.es/es/p/tiras-purificantes/7314516",
    "price": 4.95,
    "reference_price": 0.83,
    "iva": 21,
    "reference_unit": "1 U",
    "date": "2023-01-17"
  },
  {
    "id": 19816,
    "name": "Sopa Marisco Gourmet con Caldo Pescado congelada COCINARTE",
    "description": "Sopa Marisco Gourmet con Caldo de Pescado congelada 450 Gr",
    "category": "Platos preparados",
    "url": "https://tienda.consum.es/es/p/sopa-marisco-gourmet-con-caldo-pescado-congelada/7322068",
    "price": 3.75,
    "reference_price": 8.33,
    "iva": 10,
    "reference_unit": "1 Kg",
    "date": "2023-01-17"
  },
  {
    "id": 19824,
    "name": "Galleta Trigo Espelta TEJEDOR",
    "description": "Galleta Trigo Espelta 250 Gr",
    "category": "Galletas saludables",
    "url": "https://tienda.consum.es/es/p/galleta-trigo-espelta/7324499",
    "price": 1.15,
    "reference_price": 4.6,
    "iva": 10,
    "reference_unit": "1 Kg",
    "date": "2023-01-17"
  },
  {
    "id": 19825,
    "name": "Pack Ranas Relieve PONETTE",
    "description": "Pack Ranas Relieve 4 U",
    "category": "Peines y accesorios",
    "url": "https://tienda.consum.es/es/p/pack-ranas-relieve/7324580",
    "price": 1.99,
    "reference_price": 0.5,
    "iva": 21,
    "reference_unit": "1 U",
    "date": "2023-01-17"
  },
  {
    "id": 19831,
    "name": "Coletero Invisible Grande Multicolor PONETTE",
    "description": "Coletero Invisible Grande Multicolor 5 U",
    "category": "Peines y accesorios",
    "url": "https://tienda.consum.es/es/p/coletero-invisible-grande-multicolor/7324770",
    "price": 1.99,
    "reference_price": 0.4,
    "iva": 21,
    "reference_unit": "1 U",
    "date": "2023-01-17"
  },
  {
    "id": 19833,
    "name": "Coletero invisible decorado PONETTE",
    "description": "Coletero invisible decorado 1 U",
    "category": "Peines y accesorios",
    "url": "https://tienda.consum.es/es/p/coletero-invisible-decorado/7324783",
    "price": 1.99,
    "reference_price": 1.99,
    "iva": 21,
    "reference_unit": "1 U",
    "date": "2023-01-17"
  },
  {
    "id": 19835,
    "name": "Goma trenzada multicolor PONETTE",
    "description": "Goma trenzada multicolor 2 U",
    "category": "Peines y accesorios",
    "url": "https://tienda.consum.es/es/p/goma-trenzada-multicolor/7324812",
    "price": 1.99,
    "reference_price": 1,
    "iva": 21,
    "reference_unit": "1 U",
    "date": "2023-01-17"
  },
  {
    "id": 19836,
    "name": "Goma básica multicolor PONETTE",
    "description": "Goma básica multicolor 6 U",
    "category": "Peines y accesorios",
    "url": "https://tienda.consum.es/es/p/goma-basica-multicolor/7324817",
    "price": 0.99,
    "reference_price": 0.17,
    "iva": 21,
    "reference_unit": "1 U",
    "date": "2023-01-17"
  },
  {
    "id": 19837,
    "name": "Goma metálica grande multicolor PONETTE",
    "description": "Goma metálica grande multicolor 10 U",
    "category": "Peines y accesorios",
    "url": "https://tienda.consum.es/es/p/goma-metalica-grande-multicolor/7324820",
    "price": 0.99,
    "reference_price": 0.1,
    "iva": 21,
    "reference_unit": "1 U",
    "date": "2023-01-17"
  },
  {
    "id": 19840,
    "name": "Queso Cabra La Casita Leche Cabra Pasteurizad CAPRILLICE",
    "description": "Queso Cabra La Casita Leche Cabra Pasteurizad",
    "category": "Barra y otros nacionales",
    "url": "https://tienda.consum.es/es/p/queso-cabra-la-casita-leche-cabra-pasteurizad/7288145",
    "price": 18.75,
    "reference_price": 18.75,
    "iva": 0,
    "reference_unit": "1 Kg",
    "date": "2023-01-17"
  },
  {
    "id": 19841,
    "name": "Chocolate Negro 85% Cacao CONSUM",
    "description": "Chocolate Negro 85% Cacao 100 Gr",
    "category": "Tabletas",
    "url": "https://tienda.consum.es/es/p/chocolate-negro-85-cacao/7298529",
    "price": 1.05,
    "reference_price": 10.5,
    "iva": 10,
    "reference_unit": "1 Kg",
    "date": "2023-01-17"
  },
  {
    "id": 19845,
    "name": "Garbanzo Selecto Paquete CONSUM",
    "description": "Garbanzo Selecto Paquete 1 Kg",
    "category": "Legumbres secas",
    "url": "https://tienda.consum.es/es/p/garbanzo-selecto-paquete/7316768",
    "price": 2.45,
    "reference_price": 2.45,
    "iva": 0,
    "reference_unit": "1 Kg",
    "date": "2023-01-17"
  },
  {
    "id": 19846,
    "name": "Profiteroles de Nata Pack de 2 Unidades D.PASTICCERI",
    "description": "Profiteroles de Nata Pack de 2 Unidades 2 x 90 Gr",
    "category": "Otros postres",
    "url": "https://tienda.consum.es/es/p/profiteroles-de-nata-pack-de-2-unidades/7321730",
    "price": 1.75,
    "reference_price": 9.72,
    "iva": 10,
    "reference_unit": "1 Kg",
    "date": "2023-01-17"
  },
  {
    "id": 19847,
    "name": "Judía Redonda Frasco CONSUM",
    "description": "Judía Redonda Frasco 360 Gr",
    "category": "Judía verde",
    "url": "https://tienda.consum.es/es/p/judia-redonda-frasco/7322019",
    "price": 1.15,
    "reference_price": 3.19,
    "iva": 10,
    "reference_unit": "1 Kg",
    "date": "2023-01-17"
  },
  {
    "id": 19851,
    "name": "Copa de Limón Pack de 2 Unidades IL GELATO",
    "description": "Copa de Limón Pack de 2 Unidades 2 x 90 Gr",
    "category": "Tartas y otros postres",
    "url": "https://tienda.consum.es/es/p/copa-de-limon-pack-de-2-unidades/7323327",
    "price": 3.39,
    "reference_price": 18.83,
    "iva": 10,
    "reference_unit": "1 Kg",
    "date": "2023-01-17"
  },
  {
    "id": 19853,
    "name": "Tortiglioni Caja BARILLA",
    "description": "Tortiglioni Caja 500 Gr",
    "category": "Otras pastas secas",
    "url": "https://tienda.consum.es/es/p/tortiglioni-caja/7323983",
    "price": 1.95,
    "reference_price": 3.9,
    "iva": 10,
    "reference_unit": "1 Kg",
    "date": "2023-01-17"
  },
  {
    "id": 19858,
    "name": "Preparado para hornear 5 Sobres ROYAL",
    "description": "Preparado para hornear 5 Sobres 80 Gr",
    "category": "Harinas y levaduras",
    "url": "https://tienda.consum.es/es/p/preparado-para-hornear-5-sobres/7324551",
    "price": 2.25,
    "reference_price": 28.13,
    "iva": 10,
    "reference_unit": "1 Kg",
    "date": "2023-01-17"
  },
  {
    "id": 19872,
    "name": "Pistacho Tostado Eco Paquete CONSUM ECO",
    "description": "Pistacho Tostado Eco Paquete 100 Gr",
    "category": "Otros frutos secos",
    "url": "https://tienda.consum.es/es/p/pistacho-tostado-eco-paquete/7292337",
    "price": 2.99,
    "reference_price": 29.9,
    "iva": 10,
    "reference_unit": "1 Kg",
    "date": "2023-01-17"
  },
  {
    "id": 19873,
    "name": "Arroz Redondo Denominación de Origen Valencia CONSUM",
    "description": "Arroz Redondo Denominación de Origen Valencia 1 Kg",
    "category": "Arroz",
    "url": "https://tienda.consum.es/es/p/arroz-redondo-denominacion-de-origen-valencia/7293590",
    "price": 1.68,
    "reference_price": 1.68,
    "iva": 0,
    "reference_unit": "1 Kg",
    "date": "2023-01-17"
  },
  {
    "id": 19898,
    "name": "Café en Grano Puro Arábica BONKA",
    "description": "Café en Grano Puro Arábica 500 Gr",
    "category": "Café Grano",
    "url": "https://tienda.consum.es/es/p/cafe-en-grano-puro-arabica/7324978",
    "price": 7.99,
    "reference_price": 15.98,
    "iva": 10,
    "reference_unit": "1 Kg",
    "date": "2023-01-17"
  },
  {
    "id": 19904,
    "name": "Conos de Maíz 3D's Sabor Queso MATUTANO",
    "description": "Conos de Maíz 3D's Sabor Queso 100 Gr",
    "category": "Snacks y otros aperitivos",
    "url": "https://tienda.consum.es/es/p/conos-de-maiz-3ds-sabor-queso/7325074",
    "price": 1.79,
    "reference_price": 17.9,
    "iva": 10,
    "reference_unit": "1 Kg",
    "date": "2023-01-17"
  },
  {
    "id": 19910,
    "name": "Rústico 100 % Integral de Trigo ",
    "description": "Rústico 100 % Integral de Trigo 95 Gr",
    "category": "Pan de horno",
    "url": "https://tienda.consum.es/es/p/rustico-100-integral-de-trigo/7325124",
    "price": 0.53,
    "reference_price": 5.58,
    "iva": 0,
    "reference_unit": "1 Kg",
    "date": "2023-01-17"
  },
  {
    "id": 19911,
    "name": "Rústico sin Sal Añadida 100% Integral de Trigo ",
    "description": "Rústico sin Sal Añadida 100% Integral de Trigo 130 Gr",
    "category": "Pan de horno",
    "url": "https://tienda.consum.es/es/p/rustico-sin-sal-anadida-100-integral-de-trigo/7325129",
    "price": 0.66,
    "reference_price": 5.08,
    "iva": 0,
    "reference_unit": "1 Kg",
    "date": "2023-01-17"
  },
  {
    "id": 19914,
    "name": "Aceite de Oliva Virgen Extra ALDALUZ",
    "description": "Aceite de Oliva Virgen Extra 500 ml",
    "category": "Aceite de oliva virgen y virgen extra",
    "url": "https://tienda.consum.es/es/p/aceite-de-oliva-virgen-extra/7325165",
    "price": 3.77,
    "reference_price": 7.54,
    "iva": 5,
    "reference_unit": "1 L",
    "date": "2023-01-17"
  },
  {
    "id": 19920,
    "name": "Uva roja bandeja sin Semilla ",
    "description": "Uva roja bandeja sin Semilla 500 Gr",
    "category": "Manzana, pera y plátano",
    "url": "https://tienda.consum.es/es/p/uva-roja-bandeja-sin-semilla/7325611",
    "price": 2.68,
    "reference_price": 5.36,
    "iva": 0,
    "reference_unit": "1 Kg",
    "date": "2023-01-17"
  },
  {
    "id": 19924,
    "name": "Almendra Tostada Eco con Piel CONSUM ECO",
    "description": "Almendra Tostada Eco con Piel 100 Gr",
    "category": "Otros frutos secos",
    "url": "https://tienda.consum.es/es/p/almendra-tostada-eco-con-piel/7292324",
    "price": 2.49,
    "reference_price": 24.9,
    "iva": 10,
    "reference_unit": "1 Kg",
    "date": "2023-01-17"
  },
  {
    "id": 19925,
    "name": "Refresco Cola Botella CONSUM",
    "description": "Refresco Cola Botella 2 L",
    "category": "Cola",
    "url": "https://tienda.consum.es/es/p/refresco-cola-botella/7315539",
    "price": 0.8,
    "reference_price": 0.4,
    "iva": 21,
    "reference_unit": "1 L",
    "date": "2023-01-17"
  },
  {
    "id": 19926,
    "name": "Refresco Limón Botella CONSUM",
    "description": "Refresco Limón Botella 2 L",
    "category": "Limón y lima-limón",
    "url": "https://tienda.consum.es/es/p/refresco-limon-botella/7315554",
    "price": 0.95,
    "reference_price": 0.48,
    "iva": 21,
    "reference_unit": "1 L",
    "date": "2023-01-17"
  },
  {
    "id": 19929,
    "name": "Yemas muy Gruesas Frasco CARRETILLA",
    "description": "Yemas muy Gruesas Frasco 110 Gr",
    "category": "Espárragos y palmitos",
    "url": "https://tienda.consum.es/es/p/yemas-muy-gruesas-frasco/7324226",
    "price": 3.85,
    "reference_price": 35,
    "iva": 10,
    "reference_unit": "1 Kg",
    "date": "2023-01-17"
  },
  {
    "id": 19933,
    "name": "Lomo Ibérico Adobado CONSUM",
    "description": "Lomo Ibérico Adobado",
    "category": "Cerdo",
    "url": "https://tienda.consum.es/es/p/lomo-iberico-adobado/7325178",
    "price": 8.33,
    "reference_price": 23.75,
    "iva": 10,
    "reference_unit": "1 Kg",
    "date": "2023-01-17"
  },
  {
    "id": 19934,
    "name": "Cesta Colores Pequeña Regalo PONETTE",
    "description": "Cesta Colores Pequeña Regalo 1 U",
    "category": "Estuches",
    "url": "https://tienda.consum.es/es/p/cesta-colores-pequena-regalo/7325223",
    "price": 2.99,
    "reference_price": 2.99,
    "iva": 21,
    "reference_unit": "1 U",
    "date": "2023-01-17"
  },
  {
    "id": 19939,
    "name": "Caldo Fideuá Fácil Brik G.BLANCA",
    "description": "Caldo Fideuá Fácil Brik 1 L",
    "category": "Caldos y sopas",
    "url": "https://tienda.consum.es/es/p/caldo-fideua-facil-brik/7325442",
    "price": 2.99,
    "reference_price": 2.99,
    "iva": 10,
    "reference_unit": "1 L",
    "date": "2023-01-17"
  },
  {
    "id": 19948,
    "name": "Corazones Romana 2Ud Peso Aproximado 380 gr ",
    "description": "Corazones Romana 2Ud Peso Aproximado 380 gr",
    "category": "Lechuga y endibias",
    "url": "https://tienda.consum.es/es/p/corazones-romana-2ud-peso-aproximado-380-gr/7325830",
    "price": 1.53,
    "reference_price": 4.03,
    "iva": 0,
    "reference_unit": "1 Kg",
    "date": "2023-01-17"
  },
  {
    "id": 19956,
    "name": "Avellana Tostada Eco Paquete CONSUM ECO",
    "description": "Avellana Tostada Eco Paquete 100 Gr",
    "category": "Otros frutos secos",
    "url": "https://tienda.consum.es/es/p/avellana-tostada-eco-paquete/7292332",
    "price": 2.49,
    "reference_price": 24.9,
    "iva": 10,
    "reference_unit": "1 Kg",
    "date": "2023-01-17"
  },
  {
    "id": 19964,
    "name": "Protector Absorbente KYREY",
    "description": "Protector Absorbente 15 U",
    "category": "Pañal adulto y protectores",
    "url": "https://tienda.consum.es/es/p/protector-absorbente/7325368",
    "price": 5.49,
    "reference_price": 0.37,
    "iva": 21,
    "reference_unit": "1 U",
    "date": "2023-01-17"
  },
  {
    "id": 19965,
    "name": "Crema Fijadora Máximo Sellado COREGA",
    "description": "Crema Fijadora Máximo Sellado 40 Gr",
    "category": "Productos protésicos",
    "url": "https://tienda.consum.es/es/p/crema-fijadora-maximo-sellado/7325434",
    "price": 9.99,
    "reference_price": 24.98,
    "iva": 10,
    "reference_unit": "100 Gr",
    "date": "2023-01-17"
  },
  {
    "id": 19967,
    "name": "Anís Dulce Botella CHINCHON",
    "description": "Anís Dulce Botella 1 L",
    "category": "Licores y vermouth",
    "url": "https://tienda.consum.es/es/p/anis-dulce-botella/7325533",
    "price": 10.5,
    "reference_price": 10.5,
    "iva": 21,
    "reference_unit": "1 L",
    "date": "2023-01-17"
  },
  {
    "id": 19978,
    "name": "Ropa Interior Noches Tranquilas 4-7 Años CONSUM KIDS",
    "description": "Ropa Interior Noches Tranquilas 4-7 Años 15 U",
    "category": "Braguita noche",
    "url": "https://tienda.consum.es/es/p/ropa-interior-noches-tranquilas-4-7-anos/7301930",
    "price": 10.5,
    "reference_price": 0.7,
    "iva": 10,
    "reference_unit": "1 U",
    "date": "2023-01-17"
  },
  {
    "id": 19979,
    "name": "Ropa Interior 8-15 Años Noches Tranquilas CONSUM KIDS",
    "description": "Ropa Interior 8-15 Años Noches Tranquilas 12 U",
    "category": "Braguita noche",
    "url": "https://tienda.consum.es/es/p/ropa-interior-8-15-anos-noches-tranquilas/7301935",
    "price": 10.5,
    "reference_price": 0.88,
    "iva": 10,
    "reference_unit": "1 U",
    "date": "2023-01-17"
  },
  {
    "id": 19980,
    "name": "Espárragos Muy Gruesos Frasco CARRETILLA",
    "description": "Espárragos Muy Gruesos Frasco 205 Gr",
    "category": "Espárragos y palmitos",
    "url": "https://tienda.consum.es/es/p/esparragos-muy-gruesos-frasco/7324218",
    "price": 2.99,
    "reference_price": 14.59,
    "iva": 10,
    "reference_unit": "1 Kg",
    "date": "2023-01-17"
  },
  {
    "id": 19981,
    "name": "Coletero invisible pequeño color neutro PONETTE",
    "description": "Coletero invisible pequeño color neutro 4 U",
    "category": "Peines y accesorios",
    "url": "https://tienda.consum.es/es/p/coletero-invisible-pequeno-color-neutro/7324796",
    "price": 1.95,
    "reference_price": 0.49,
    "iva": 21,
    "reference_unit": "1 U",
    "date": "2023-01-17"
  },
  {
    "id": 19984,
    "name": "Cesta Colores Grande Regalo PONETTE",
    "description": "Cesta Colores Grande Regalo 1 U",
    "category": "Estuches",
    "url": "https://tienda.consum.es/es/p/cesta-colores-grande-regalo/7325256",
    "price": 3.99,
    "reference_price": 3.99,
    "iva": 21,
    "reference_unit": "1 U",
    "date": "2023-01-17"
  },
  {
    "id": 19986,
    "name": "Crema Fijadora Extra Fuerte COREGA",
    "description": "Crema Fijadora Extra Fuerte 70 Gr",
    "category": "Productos protésicos",
    "url": "https://tienda.consum.es/es/p/crema-fijadora-extra-fuerte/7325426",
    "price": 13.5,
    "reference_price": 192.86,
    "iva": 10,
    "reference_unit": "1 Kg",
    "date": "2023-01-17"
  },
  {
    "id": 19987,
    "name": "Tabletas Limpiadora Oxígeno Bio Activo COREGA",
    "description": "Tabletas Limpiadora Oxígeno Bio Activo 66 U",
    "category": "Productos protésicos",
    "url": "https://tienda.consum.es/es/p/tabletas-limpiadora-oxigeno-bio-activo/7325439",
    "price": 13.5,
    "reference_price": 0.2,
    "iva": 21,
    "reference_unit": "1 U",
    "date": "2023-01-17"
  },
  {
    "id": 19993,
    "name": "Detergente en Polvo CONSUM",
    "description": "Detergente en Polvo 12 Lv",
    "category": "Máquina polvo",
    "url": "https://tienda.consum.es/es/p/detergente-en-polvo/7310006",
    "price": 2.39,
    "reference_price": 0.2,
    "iva": 21,
    "reference_unit": "1 Lv",
    "date": "2023-01-17"
  },
  {
    "id": 19994,
    "name": "Coletero invisible grande colores neutros PONETTE",
    "description": "Coletero invisible grande colores neutros 5 U",
    "category": "Peines y accesorios",
    "url": "https://tienda.consum.es/es/p/coletero-invisible-grande-colores-neutros/7324791",
    "price": 1.95,
    "reference_price": 0.39,
    "iva": 21,
    "reference_unit": "1 U",
    "date": "2023-01-17"
  },
  {
    "id": 19996,
    "name": "Ambientador Pulverizador Ropa Limpia MYHOME",
    "description": "Ambientador Pulverizador Ropa Limpia",
    "category": "Aerosol spray o pistola",
    "url": "https://tienda.consum.es/es/p/ambientador-pulverizador-ropa-limpia/7325058",
    "price": 2.79,
    "reference_price": 2.79,
    "iva": 21,
    "reference_unit": "1 U",
    "date": "2023-01-17"
  },
  {
    "id": 19997,
    "name": "Toallitas Infantiles DODOT",
    "description": "Toallitas Infantiles 64 U",
    "category": "Toallitas",
    "url": "https://tienda.consum.es/es/p/toallitas-infantiles/7325251",
    "price": 1.75,
    "reference_price": 0.03,
    "iva": 21,
    "reference_unit": "1 U",
    "date": "2023-01-17"
  },
  {
    "id": 19998,
    "name": "Mojicón con Pepitas de Chocolate LUNA",
    "description": "Mojicón con Pepitas de Chocolate 240 Gr",
    "category": "Bollería industrial",
    "url": "https://tienda.consum.es/es/p/mojicon-con-pepitas-de-chocolate/7325699",
    "price": 1.79,
    "reference_price": 7.46,
    "iva": 10,
    "reference_unit": "1 Kg",
    "date": "2023-01-17"
  },
  {
    "id": 20001,
    "name": "Pechuga Extrafina Pavo CONSUM",
    "description": "Pechuga Extrafina Pavo",
    "category": "Aves y conejo",
    "url": "https://tienda.consum.es/es/p/pechuga-extrafina-pavo/7325975",
    "price": 3.85,
    "reference_price": 10.79,
    "iva": 10,
    "reference_unit": "1 Kg",
    "date": "2023-01-17"
  },
  {
    "id": 20002,
    "name": "Cápsulas Magnesio más Vitaminas NATURTIERRA",
    "description": "Cápsulas Magnesio más Vitaminas 90 U",
    "category": "Fitoterapia",
    "url": "https://tienda.consum.es/es/p/capsulas-magnesio-mas-vitaminas/7325983",
    "price": 4.99,
    "reference_price": 0.06,
    "iva": 10,
    "reference_unit": "1 U",
    "date": "2023-01-17"
  },
  {
    "id": 20003,
    "name": "Cápsulas Hierro más Vitaminas más Ácido NATURTIERRA",
    "description": "Cápsulas Hierro más Vitaminas más Ácido 30 U",
    "category": "Fitoterapia",
    "url": "https://tienda.consum.es/es/p/capsulas-hierro-mas-vitaminas-mas-acido/7325988",
    "price": 3.99,
    "reference_price": 0.13,
    "iva": 10,
    "reference_unit": "1 U",
    "date": "2023-01-17"
  },
  {
    "id": 20004,
    "name": "Lomo Empanado CONSUM",
    "description": "Lomo Empanado",
    "category": "Cerdo",
    "url": "https://tienda.consum.es/es/p/lomo-empanado/7326155",
    "price": 3.6,
    "reference_price": 8.99,
    "iva": 10,
    "reference_unit": "1 Kg",
    "date": "2023-01-17"
  },
  {
    "id": 20019,
    "name": "Crema Bogavante Brik CONSUM",
    "description": "Crema Bogavante Brik 500 Gr",
    "category": "Cremas",
    "url": "https://tienda.consum.es/es/p/crema-bogavante-brik/7308679",
    "price": 2.1,
    "reference_price": 4.2,
    "iva": 10,
    "reference_unit": "1 Kg",
    "date": "2023-01-17"
  },
  {
    "id": 20021,
    "name": "Mix Familiar CONSUM",
    "description": "Mix Familiar 500 Gr",
    "category": "Maíz tostado y cocktail",
    "url": "https://tienda.consum.es/es/p/mix-familiar/7320927",
    "price": 2.39,
    "reference_price": 4.78,
    "iva": 10,
    "reference_unit": "1 Kg",
    "date": "2023-01-17"
  },
  {
    "id": 20022,
    "name": "Maquinilla Desechable Cabezal Basculante NEXTGEN",
    "description": "Maquinilla Desechable Cabezal Basculante 10 U",
    "category": "Maquinillas de afeitar",
    "url": "https://tienda.consum.es/es/p/maquinilla-desechable-cabezal-basculante/7325132",
    "price": 2.99,
    "reference_price": 0.3,
    "iva": 21,
    "reference_unit": "1 U",
    "date": "2023-01-17"
  },
  {
    "id": 20023,
    "name": "Ambientador SS&SP Lavanda Aparat.más Rec GLADE",
    "description": "Ambientador SS&SP Lavanda Aparat.más Rec 1 U",
    "category": "Eléctricos y automáticos",
    "url": "https://tienda.consum.es/es/p/ambientador-sssp-lavanda-aparatmas-rec/7325228",
    "price": 6.39,
    "reference_price": 6.39,
    "iva": 21,
    "reference_unit": "1 U",
    "date": "2023-01-17"
  },
  {
    "id": 20028,
    "name": "Cápsulas Jengibre NATURTIERRA",
    "description": "Cápsulas Jengibre 20 U",
    "category": "Fitoterapia",
    "url": "https://tienda.consum.es/es/p/capsulas-jengibre/7325991",
    "price": 4.99,
    "reference_price": 0.25,
    "iva": 10,
    "reference_unit": "1 U",
    "date": "2023-01-17"
  },
  {
    "id": 20034,
    "name": "Laca Keratin SYOSS",
    "description": "Laca Keratin 400 ml",
    "category": "Lacas",
    "url": "https://tienda.consum.es/es/p/laca-keratin/7326114",
    "price": 5.49,
    "reference_price": 1.37,
    "iva": 21,
    "reference_unit": "100 ml",
    "date": "2023-01-17"
  },
  {
    "id": 20040,
    "name": "Zumo de Frutas y Leche Sabor Tropical P-6 DON SIMON",
    "description": "Zumo de Frutas y Leche Sabor Tropical P-6 6 x 200 ml",
    "category": "Zumos con leche",
    "url": "https://tienda.consum.es/es/p/zumo-de-frutas-y-leche-sabor-tropical-p-6/7326762",
    "price": 1.5,
    "reference_price": 1.25,
    "iva": 21,
    "reference_unit": "1 L",
    "date": "2023-01-17"
  },
  {
    "id": 20043,
    "name": "Pechuga de Pavo sin Grasa ELPOZO",
    "description": "Pechuga de Pavo sin Grasa",
    "category": "Fiambres ave",
    "url": "https://tienda.consum.es/es/p/pechuga-de-pavo-sin-grasa/7107431",
    "price": 13.9,
    "reference_price": 13.9,
    "iva": 10,
    "reference_unit": "1 Kg",
    "date": "2023-01-17"
  },
  {
    "id": 20048,
    "name": "Queso Mezcla Semi Leche Pasteurizada ARTEPOK",
    "description": "Queso Mezcla Semi Leche Pasteurizada",
    "category": "Quesos de Oveja",
    "url": "https://tienda.consum.es/es/p/queso-mezcla-semi-leche-pasteurizada/7282270",
    "price": 11.45,
    "reference_price": 11.45,
    "iva": 0,
    "reference_unit": "1 Kg",
    "date": "2023-01-17"
  },
  {
    "id": 20051,
    "name": "Jamón Gran Reserva 100% Natural 18 Meses REDONDO I.",
    "description": "Jamón Gran Reserva 100% Natural 18 Meses",
    "category": "Jamón",
    "url": "https://tienda.consum.es/es/p/jamon-gran-reserva-100-natural-18-meses/7311256",
    "price": 23.9,
    "reference_price": 23.9,
    "iva": 10,
    "reference_unit": "1 Kg",
    "date": "2023-01-17"
  },
  {
    "id": 20052,
    "name": "Discos Absorbentes Lactancia TIGEX",
    "description": "Discos Absorbentes Lactancia 60 U",
    "category": "Puericultura",
    "url": "https://tienda.consum.es/es/p/discos-absorbentes-lactancia/7315674",
    "price": 5.39,
    "reference_price": 0.09,
    "iva": 21,
    "reference_unit": "1 U",
    "date": "2023-01-17"
  },
  {
    "id": 20056,
    "name": "Queso sin Lactosa Lonchas CONSUM",
    "description": "Queso sin Lactosa Lonchas 150 Gr",
    "category": "Tiernos y light",
    "url": "https://tienda.consum.es/es/p/queso-sin-lactosa-lonchas/7318322",
    "price": 2.02,
    "reference_price": 13.47,
    "iva": 0,
    "reference_unit": "1 Kg",
    "date": "2023-01-17"
  },
  {
    "id": 20057,
    "name": "Tijeras Grandes PONETTE",
    "description": "Tijeras Grandes 1 U",
    "category": "Peines y accesorios",
    "url": "https://tienda.consum.es/es/p/tijeras-grandes/7325269",
    "price": 7.39,
    "reference_price": 7.39,
    "iva": 21,
    "reference_unit": "1 U",
    "date": "2023-01-17"
  },
  {
    "id": 20061,
    "name": "Rodaja Emperador congelado ",
    "description": "Rodaja Emperador congelado",
    "category": "Pescados y mariscos",
    "url": "https://tienda.consum.es/es/p/rodaja-emperador-congelado/7325678",
    "price": 4.31,
    "reference_price": 17.66,
    "iva": 10,
    "reference_unit": "1 Kg",
    "date": "2023-01-17"
  },
  {
    "id": 20062,
    "name": "Galleta Artesana Cacahuete BONDIA",
    "description": "Galleta Artesana Cacahuete 135 Gr",
    "category": "Rosquilletas, picos y snacks",
    "url": "https://tienda.consum.es/es/p/galleta-artesana-cacahuete/7325723",
    "price": 1.15,
    "reference_price": 8.52,
    "iva": 10,
    "reference_unit": "1 Kg",
    "date": "2023-01-17"
  },
  {
    "id": 20064,
    "name": "Gel Dental Júnior KEMPHOR",
    "description": "Gel Dental Júnior 75 ml",
    "category": "Dentífricos",
    "url": "https://tienda.consum.es/es/p/gel-dental-junior/7325749",
    "price": 2.19,
    "reference_price": 2.92,
    "iva": 21,
    "reference_unit": "100 ml",
    "date": "2023-01-17"
  },
  {
    "id": 20071,
    "name": "Tinte Oleo Intense 4-86 Castaño Helado SYOSS",
    "description": "Tinte Oleo Intense 4-86 Castaño Helado 1 U",
    "category": "Coloración",
    "url": "https://tienda.consum.es/es/p/tinte-oleo-intense-4-86-castano-helado/7326270",
    "price": 6.25,
    "reference_price": 6.25,
    "iva": 21,
    "reference_unit": "1 U",
    "date": "2023-01-17"
  },
  {
    "id": 20078,
    "name": "Zumo de Frutas y Leche Sabor Caribe P-6 DON SIMON",
    "description": "Zumo de Frutas y Leche Sabor Caribe P-6 6 x 200 ml",
    "category": "Zumos con leche",
    "url": "https://tienda.consum.es/es/p/zumo-de-frutas-y-leche-sabor-caribe-p-6/7326754",
    "price": 1.5,
    "reference_price": 1.25,
    "iva": 21,
    "reference_unit": "1 L",
    "date": "2023-01-17"
  },
  {
    "id": 20079,
    "name": "Pouche Yogurt Plátano Fresa HERO",
    "description": "Pouche Yogurt Plátano Fresa 100 Gr",
    "category": "Alimentación infantil",
    "url": "https://tienda.consum.es/es/p/pouche-yogurt-platano-fresa/7326825",
    "price": 0.99,
    "reference_price": 9.9,
    "iva": 10,
    "reference_unit": "1 Kg",
    "date": "2023-01-17"
  },
  {
    "id": 20080,
    "name": "Pouche Manzana Fresa Platano Arandano Solo HERO",
    "description": "Pouche Manzana Fresa Platano Arandano Solo 100 Gr",
    "category": "Alimentación infantil",
    "url": "https://tienda.consum.es/es/p/pouche-manzana-fresa-platano-arandano-solo/7326838",
    "price": 1.29,
    "reference_price": 12.9,
    "iva": 10,
    "reference_unit": "1 Kg",
    "date": "2023-01-17"
  },
  {
    "id": 20090,
    "name": "Toallitas Infantiles Cremosas CONSUM",
    "description": "Toallitas Infantiles Cremosas 24 U",
    "category": "Toallitas",
    "url": "https://tienda.consum.es/es/p/toallitas-infantiles-cremosas/7315992",
    "price": 0.85,
    "reference_price": 0.04,
    "iva": 21,
    "reference_unit": "1 U",
    "date": "2023-01-17"
  },
  {
    "id": 20096,
    "name": "Tinte Oleo Intense 1-10 Negro Intenso SYOSS",
    "description": "Tinte Oleo Intense 1-10 Negro Intenso 1 U",
    "category": "Coloración",
    "url": "https://tienda.consum.es/es/p/tinte-oleo-intense-1-10-negro-intenso/7326119",
    "price": 6.25,
    "reference_price": 6.25,
    "iva": 21,
    "reference_unit": "1 U",
    "date": "2023-01-17"
  },
  {
    "id": 20100,
    "name": "Tinte Oleo Intense 5-86 Castaño Caramelo SYOSS",
    "description": "Tinte Oleo Intense 5-86 Castaño Caramelo 1 U",
    "category": "Coloración",
    "url": "https://tienda.consum.es/es/p/tinte-oleo-intense-5-86-castano-caramelo/7326291",
    "price": 6.25,
    "reference_price": 6.25,
    "iva": 21,
    "reference_unit": "1 U",
    "date": "2023-01-17"
  },
  {
    "id": 20101,
    "name": "Tinte Oleo Intense 6-10 Rubio Oscuro SYOSS",
    "description": "Tinte Oleo Intense 6-10 Rubio Oscuro 1 U",
    "category": "Coloración",
    "url": "https://tienda.consum.es/es/p/tinte-oleo-intense-6-10-rubio-oscuro/7326296",
    "price": 6.25,
    "reference_price": 6.25,
    "iva": 21,
    "reference_unit": "1 U",
    "date": "2023-01-17"
  },
  {
    "id": 20102,
    "name": "Tinte Oleo Intense 5-92 Rojo Intenso SYOSS",
    "description": "Tinte Oleo Intense 5-92 Rojo Intenso 1 U",
    "category": "Coloración",
    "url": "https://tienda.consum.es/es/p/tinte-oleo-intense-5-92-rojo-intenso/7326304",
    "price": 6.25,
    "reference_price": 6.25,
    "iva": 21,
    "reference_unit": "1 U",
    "date": "2023-01-17"
  },
  {
    "id": 20103,
    "name": "Tinte Oleo Intense 7-10 Rubio Natural SYOSS",
    "description": "Tinte Oleo Intense 7-10 Rubio Natural 1 U",
    "category": "Coloración",
    "url": "https://tienda.consum.es/es/p/tinte-oleo-intense-7-10-rubio-natural/7326309",
    "price": 6.25,
    "reference_price": 6.25,
    "iva": 21,
    "reference_unit": "1 U",
    "date": "2023-01-17"
  },
  {
    "id": 20110,
    "name": "Tarrito Verdura Huerta y Pavo HERO",
    "description": "Tarrito Verdura Huerta y Pavo 235 Gr",
    "category": "Alimentación infantil",
    "url": "https://tienda.consum.es/es/p/tarrito-verdura-huerta-y-pavo/7326833",
    "price": 1.39,
    "reference_price": 5.91,
    "iva": 10,
    "reference_unit": "1 Kg",
    "date": "2023-01-17"
  },
  {
    "id": 20111,
    "name": "Dentífrico Total Original COLGATE",
    "description": "Dentífrico Total Original 75 ml",
    "category": "Dentífricos",
    "url": "https://tienda.consum.es/es/p/dentifrico-total-original/7326994",
    "price": 2.45,
    "reference_price": 3.27,
    "iva": 21,
    "reference_unit": "100 ml",
    "date": "2023-01-17"
  },
  {
    "id": 20112,
    "name": "Dentífrico Total Blanqueador COLGATE",
    "description": "Dentífrico Total Blanqueador 75 ml",
    "category": "Dentífricos",
    "url": "https://tienda.consum.es/es/p/dentifrico-total-blanqueador/7327000",
    "price": 3.19,
    "reference_price": 4.25,
    "iva": 21,
    "reference_unit": "100 ml",
    "date": "2023-01-17"
  },
  {
    "id": 20119,
    "name": "Queso Fondue Caja FROMALP",
    "description": "Queso Fondue Caja 400 Gr",
    "category": "Quesos Fundidos",
    "url": "https://tienda.consum.es/es/p/queso-fondue-caja/110262",
    "price": 4.49,
    "reference_price": 11.23,
    "iva": 10,
    "reference_unit": "1 Kg",
    "date": "2023-01-17"
  },
  {
    "id": 20292,
    "name": "BB Cream Nude Magique L'OREAL",
    "description": "BB Cream Nude Magique 1 U",
    "category": "Rostro",
    "url": "https://tienda.consum.es/es/p/bb-cream-nude-magique/7283711",
    "price": 9.99,
    "reference_price": 9.99,
    "iva": 21,
    "reference_unit": "1 U",
    "date": "2023-01-17"
  },
  {
    "id": 20294,
    "name": "BB Cream Magique Medium L'OREAL",
    "description": "BB Cream Magique Medium 1 U",
    "category": "Rostro",
    "url": "https://tienda.consum.es/es/p/bb-cream-magique-medium/7284482",
    "price": 9.99,
    "reference_price": 9.99,
    "iva": 21,
    "reference_unit": "1 U",
    "date": "2023-01-17"
  },
  {
    "id": 20332,
    "name": "Compota de Manzana Frasco PELLI",
    "description": "Compota de Manzana Frasco 720 Gr",
    "category": "Membrillos y compotas",
    "url": "https://tienda.consum.es/es/p/compota-de-manzana-frasco/7305196",
    "price": 1.99,
    "reference_price": 2.76,
    "iva": 10,
    "reference_unit": "1 Kg",
    "date": "2023-01-17"
  },
  {
    "id": 20345,
    "name": "Champú Kids CONSUM",
    "description": "Champú Kids 250 ml",
    "category": "Champú",
    "url": "https://tienda.consum.es/es/p/champu-kids/7310592",
    "price": 1.39,
    "reference_price": 0.56,
    "iva": 21,
    "reference_unit": "100 ml",
    "date": "2023-01-17"
  },
  {
    "id": 20346,
    "name": "Acondicionador Kids CONSUM",
    "description": "Acondicionador Kids 250 ml",
    "category": "Acondicionadores",
    "url": "https://tienda.consum.es/es/p/acondicionador-kids/7310605",
    "price": 1.45,
    "reference_price": 0.58,
    "iva": 21,
    "reference_unit": "100 ml",
    "date": "2023-01-17"
  },
  {
    "id": 20347,
    "name": "Pan de Gambas Bolsa ESCRIVA",
    "description": "Pan de Gambas Bolsa 80 Gr",
    "category": "Snacks y otros aperitivos",
    "url": "https://tienda.consum.es/es/p/pan-de-gambas-bolsa/7310915",
    "price": 1.2,
    "reference_price": 15,
    "iva": 10,
    "reference_unit": "1 Kg",
    "date": "2023-01-17"
  },
  {
    "id": 20349,
    "name": "Hamburguesa de Ternera Ecológica COREN",
    "description": "Hamburguesa de Ternera Ecológica 240 Gr",
    "category": "Picadas y hamburguesas",
    "url": "https://tienda.consum.es/es/p/hamburguesa-de-ternera-ecologica/7311152",
    "price": 3.99,
    "reference_price": 16.63,
    "iva": 10,
    "reference_unit": "1 Kg",
    "date": "2023-01-17"
  },
  {
    "id": 20358,
    "name": "Skyr High Protein Desnatado Natural EHRMANN",
    "description": "Skyr High Protein Desnatado Natural 150 Gr",
    "category": "Yogures especial salud",
    "url": "https://tienda.consum.es/es/p/skyr-high-protein-desnatado-natural/7314185",
    "price": 0.79,
    "reference_price": 5.27,
    "iva": 10,
    "reference_unit": "1 Kg",
    "date": "2023-01-17"
  },
  {
    "id": 20359,
    "name": "Bolsa de Papel para Bocadillo 12x32 GREEN FLISS",
    "description": "Bolsa de Papel para Bocadillo 12x32 30 U",
    "category": "Bazar",
    "url": "https://tienda.consum.es/es/p/bolsa-de-papel-para-bocadillo-12x32/7314904",
    "price": 1.95,
    "reference_price": 0.07,
    "iva": 21,
    "reference_unit": "1 U",
    "date": "2023-01-17"
  },
  {
    "id": 20371,
    "name": "Refresco Limón Lata CONSUM",
    "description": "Refresco Limón Lata 0,33 L",
    "category": "Limón y lima-limón",
    "url": "https://tienda.consum.es/es/p/refresco-limon-lata/7315596",
    "price": 0.32,
    "reference_price": 0.97,
    "iva": 21,
    "reference_unit": "1 L",
    "date": "2023-01-17"
  },
  {
    "id": 20374,
    "name": "Cereal Crunchy Nut KELLOGG'S",
    "description": "Cereal Crunchy Nut",
    "category": "Cereales",
    "url": "https://tienda.consum.es/es/p/cereal-crunchy-nut/7315823",
    "price": 3.69,
    "reference_price": 7.38,
    "iva": 10,
    "reference_unit": "1 Kg",
    "date": "2023-01-17"
  },
  {
    "id": 20382,
    "name": "Frutos del Bosque congelados C.NAVARRA",
    "description": "Frutos del Bosque congelados 300 Gr",
    "category": "Frutas",
    "url": "https://tienda.consum.es/es/p/frutos-del-bosque-congelados/7317035",
    "price": 1.78,
    "reference_price": 5.93,
    "iva": 0,
    "reference_unit": "1 Kg",
    "date": "2023-01-17"
  },
  {
    "id": 20383,
    "name": "Arandanos congelados C.NAVARRA",
    "description": "Arandanos congelados 300 Gr",
    "category": "Frutas",
    "url": "https://tienda.consum.es/es/p/arandanos-congelados/7317043",
    "price": 1.91,
    "reference_price": 6.37,
    "iva": 0,
    "reference_unit": "1 Kg",
    "date": "2023-01-17"
  },
  {
    "id": 20394,
    "name": "Confitura de Fresa BONNE MAMAN",
    "description": "Confitura de Fresa 370 Gr",
    "category": "Mermeladas y confituras",
    "url": "https://tienda.consum.es/es/p/confitura-de-fresa/7318819",
    "price": 2.49,
    "reference_price": 6.73,
    "iva": 10,
    "reference_unit": "1 Kg",
    "date": "2023-01-17"
  },
  {
    "id": 20395,
    "name": "Confitura de Melocotón BONNE MAMAN",
    "description": "Confitura de Melocotón 370 Gr",
    "category": "Mermeladas y confituras",
    "url": "https://tienda.consum.es/es/p/confitura-de-melocoton/7318822",
    "price": 2.49,
    "reference_price": 6.73,
    "iva": 10,
    "reference_unit": "1 Kg",
    "date": "2023-01-17"
  },
  {
    "id": 20396,
    "name": "Confitura de Arándano Salvaje BONNE MAMAN",
    "description": "Confitura de Arándano Salvaje 370 Gr",
    "category": "Mermeladas y confituras",
    "url": "https://tienda.consum.es/es/p/confitura-de-arandano-salvaje/7318827",
    "price": 3.69,
    "reference_price": 9.97,
    "iva": 10,
    "reference_unit": "1 Kg",
    "date": "2023-01-17"
  },
  {
    "id": 20422,
    "name": "Chirivia Granel ",
    "description": "Chirivia Granel",
    "category": "Zanahorias y otras raíces",
    "url": "https://tienda.consum.es/es/p/chirivia-granel/7324507",
    "price": 0.43,
    "reference_price": 2.88,
    "iva": 0,
    "reference_unit": "1 Kg",
    "date": "2023-01-17"
  },
  {
    "id": 20423,
    "name": "Nabo Granel ",
    "description": "Nabo Granel",
    "category": "Zanahorias y otras raíces",
    "url": "https://tienda.consum.es/es/p/nabo-granel/7324515",
    "price": 0.69,
    "reference_price": 2.88,
    "iva": 0,
    "reference_unit": "1 Kg",
    "date": "2023-01-17"
  },
  {
    "id": 20432,
    "name": "Tijera Bebé PONETTE",
    "description": "Tijera Bebé 1 U",
    "category": "Puericultura",
    "url": "https://tienda.consum.es/es/p/tijera-bebe/7325751",
    "price": 2.5,
    "reference_price": 2.5,
    "iva": 21,
    "reference_unit": "1 U",
    "date": "2023-01-17"
  },
  {
    "id": 20441,
    "name": "Sartén 20 cm Inducción Press Aluminio SAN IGNACIO",
    "description": "Sartén 20 cm Inducción Press Aluminio 1 U",
    "category": "Menaje cocina",
    "url": "https://tienda.consum.es/es/p/sarten-20-cm-induccion-press-aluminio/7326580",
    "price": 9.99,
    "reference_price": 9.99,
    "iva": 21,
    "reference_unit": "1 U",
    "date": "2023-01-17"
  },
  {
    "id": 20442,
    "name": "Sartén 28 cm Inducción Press Aluminio SAN IGNACIO",
    "description": "Sartén 28 cm Inducción Press Aluminio 1 U",
    "category": "Menaje cocina",
    "url": "https://tienda.consum.es/es/p/sarten-28-cm-induccion-press-aluminio/7326585",
    "price": 17.5,
    "reference_price": 17.5,
    "iva": 21,
    "reference_unit": "1 U",
    "date": "2023-01-17"
  },
  {
    "id": 20443,
    "name": "Sartén 24 cm Inducción Press Aluminio SAN IGNACIO",
    "description": "Sartén 24 cm Inducción Press Aluminio 1 U",
    "category": "Menaje cocina",
    "url": "https://tienda.consum.es/es/p/sarten-24-cm-induccion-press-aluminio/7326593",
    "price": 14.5,
    "reference_price": 14.5,
    "iva": 21,
    "reference_unit": "1 U",
    "date": "2023-01-17"
  },
  {
    "id": 20452,
    "name": "Limpiador WC Lejía Gel Mountain Fresh 750+50 WC NET",
    "description": "Limpiador WC Lejía Gel Mountain Fresh 750+50 0,8 L",
    "category": "Limpieza baños",
    "url": "https://tienda.consum.es/es/p/limpiador-wc-lejia-gel-mountain-fresh-75050/7326742",
    "price": 2.59,
    "reference_price": 3.24,
    "iva": 21,
    "reference_unit": "1 L",
    "date": "2023-01-17"
  },
  {
    "id": 20453,
    "name": "Maquinilla Afeitar 5 H GT5 NEXTGEN",
    "description": "Maquinilla Afeitar 5 H GT5 1 U",
    "category": "Maquinillas de afeitar",
    "url": "https://tienda.consum.es/es/p/maquinilla-afeitar-5-h-gt5/7326747",
    "price": 4.75,
    "reference_price": 4.75,
    "iva": 21,
    "reference_unit": "1 U",
    "date": "2023-01-17"
  },
  {
    "id": 20455,
    "name": "Serum Regenerist 3 Áreas OLAY",
    "description": "Serum Regenerist 3 Áreas 50 ml",
    "category": "Tratamiento",
    "url": "https://tienda.consum.es/es/p/serum-regenerist-3-areas/7326809",
    "price": 24.9,
    "reference_price": 49.8,
    "iva": 21,
    "reference_unit": "100 ml",
    "date": "2023-01-17"
  },
  {
    "id": 20461,
    "name": "Ambientador Automático SM-Magnolia Recambio GLADE",
    "description": "Ambientador Automático SM-Magnolia Recambio 1 U",
    "category": "Eléctricos y automáticos",
    "url": "https://tienda.consum.es/es/p/ambientador-automatico-sm-magnolia-recambio/7327265",
    "price": 5.07,
    "reference_price": 5.07,
    "iva": 21,
    "reference_unit": "1 U",
    "date": "2023-01-17"
  },
  {
    "id": 20463,
    "name": "Nachos de Maíz Fritos Sabor Natural MEXIFOODS",
    "description": "Nachos de Maíz Fritos Sabor Natural 300 Gr",
    "category": "Snacks y otros aperitivos",
    "url": "https://tienda.consum.es/es/p/nachos-de-maiz-fritos-sabor-natural/7327372",
    "price": 2.65,
    "reference_price": 8.83,
    "iva": 10,
    "reference_unit": "1 Kg",
    "date": "2023-01-17"
  },
  {
    "id": 20465,
    "name": "Jalapeños a Rodajas Frasco MEXIFOODS",
    "description": "Jalapeños a Rodajas Frasco 125 Gr",
    "category": "Cocina internacional",
    "url": "https://tienda.consum.es/es/p/jalapenos-a-rodajas-frasco/7327393",
    "price": 2.19,
    "reference_price": 17.52,
    "iva": 10,
    "reference_unit": "1 Kg",
    "date": "2023-01-17"
  },
  {
    "id": 20470,
    "name": "Vino Blanco Vino de Mesa D. SIMON",
    "description": "Vino Blanco Vino de Mesa 0,5 L",
    "category": "Mesa",
    "url": "https://tienda.consum.es/es/p/vino-blanco-vino-de-mesa/7327604",
    "price": 0.85,
    "reference_price": 1.7,
    "iva": 21,
    "reference_unit": "1 L",
    "date": "2023-01-17"
  },
  {
    "id": 20472,
    "name": "Refresco Manzana con Gas Botella APPLETISER",
    "description": "Refresco Manzana con Gas Botella 4 x 0,27 L",
    "category": "Refrescos",
    "url": "https://tienda.consum.es/es/p/refresco-manzana-con-gas-botella/7327661",
    "price": 3.2,
    "reference_price": 2.96,
    "iva": 10,
    "reference_unit": "1 L",
    "date": "2023-01-17"
  },
  {
    "id": 20511,
    "name": "Espárragos Medianos Calidad Extra. Frasco CONSUM",
    "description": "Espárragos Medianos Calidad Extra. Frasco 100 Gr",
    "category": "Espárragos y palmitos",
    "url": "https://tienda.consum.es/es/p/esparragos-medianos-calidad-extra-frasco/7302248",
    "price": 1.55,
    "reference_price": 14.09,
    "iva": 10,
    "reference_unit": "1 Kg",
    "date": "2023-01-17"
  },
  {
    "id": 20512,
    "name": "Biberón Látex Cuello Ancho TIGEX",
    "description": "Biberón Látex Cuello Ancho 300 ml",
    "category": "Puericultura",
    "url": "https://tienda.consum.es/es/p/biberon-latex-cuello-ancho/7315682",
    "price": 5.79,
    "reference_price": 1.93,
    "iva": 21,
    "reference_unit": "100 ml",
    "date": "2023-01-17"
  },
  {
    "id": 20514,
    "name": "Servilleta ECO Dos Capas 32x33 CONSUM ECO",
    "description": "Servilleta ECO Dos Capas 32x33 50 U",
    "category": "Celulosa",
    "url": "https://tienda.consum.es/es/p/servilleta-eco-dos-capas-32x33/7318103",
    "price": 1.49,
    "reference_price": 0.03,
    "iva": 21,
    "reference_unit": "1 U",
    "date": "2023-01-17"
  },
  {
    "id": 20515,
    "name": "Tallos Espárragos Lata CONSUM",
    "description": "Tallos Espárragos Lata 250 Gr",
    "category": "Espárragos y palmitos",
    "url": "https://tienda.consum.es/es/p/tallos-esparragos-lata/7319705",
    "price": 1.45,
    "reference_price": 5.8,
    "iva": 10,
    "reference_unit": "1 Kg",
    "date": "2023-01-17"
  },
  {
    "id": 20516,
    "name": "Espárragos Trigueros Frasco CONSUM",
    "description": "Espárragos Trigueros Frasco 100 Gr",
    "category": "Espárragos y palmitos",
    "url": "https://tienda.consum.es/es/p/esparragos-trigueros-frasco/7319713",
    "price": 1.55,
    "reference_price": 15.5,
    "iva": 10,
    "reference_unit": "1 Kg",
    "date": "2023-01-17"
  },
  {
    "id": 20517,
    "name": "Tiramisú Pack de 2 Unidades CONSUM",
    "description": "Tiramisú Pack de 2 Unidades 2 x 80 Gr",
    "category": "Otros postres",
    "url": "https://tienda.consum.es/es/p/tiramisu-pack-de-2-unidades/7321776",
    "price": 1.19,
    "reference_price": 7.44,
    "iva": 10,
    "reference_unit": "1 Kg",
    "date": "2023-01-17"
  },
  {
    "id": 20524,
    "name": "Apio Rallado Frasco CONSUM",
    "description": "Apio Rallado Frasco 190 Gr",
    "category": "Conservas, aceites y condimentos",
    "url": "https://tienda.consum.es/es/p/apio-rallado-frasco/7322691",
    "price": 1.1,
    "reference_price": 5.79,
    "iva": 10,
    "reference_unit": "1 Kg",
    "date": "2023-01-17"
  },
  {
    "id": 20525,
    "name": "Brotes Germinados Frasco CONSUM",
    "description": "Brotes Germinados Frasco 190 Gr",
    "category": "Otros vegetales",
    "url": "https://tienda.consum.es/es/p/brotes-germinados-frasco/7322696",
    "price": 1.49,
    "reference_price": 7.84,
    "iva": 10,
    "reference_unit": "1 Kg",
    "date": "2023-01-17"
  },
  {
    "id": 20526,
    "name": "Ensalada China Frasco CONSUM",
    "description": "Ensalada China Frasco 190 Gr",
    "category": "Otros vegetales",
    "url": "https://tienda.consum.es/es/p/ensalada-china-frasco/7322704",
    "price": 1.19,
    "reference_price": 6.26,
    "iva": 10,
    "reference_unit": "1 Kg",
    "date": "2023-01-17"
  },
  {
    "id": 20527,
    "name": "Remolacha Rallada Frasco CONSUM",
    "description": "Remolacha Rallada Frasco 190 Gr",
    "category": "Otros vegetales",
    "url": "https://tienda.consum.es/es/p/remolacha-rallada-frasco/7322709",
    "price": 0.79,
    "reference_price": 4.16,
    "iva": 10,
    "reference_unit": "1 Kg",
    "date": "2023-01-17"
  },
  {
    "id": 20528,
    "name": "Remolacha Rodajas Frasco CONSUM",
    "description": "Remolacha Rodajas Frasco 190 Gr",
    "category": "Otros vegetales",
    "url": "https://tienda.consum.es/es/p/remolacha-rodajas-frasco/7322712",
    "price": 0.79,
    "reference_price": 4.16,
    "iva": 10,
    "reference_unit": "1 Kg",
    "date": "2023-01-17"
  },
  {
    "id": 20529,
    "name": "Zanahoria Rallada Frasco CONSUM",
    "description": "Zanahoria Rallada Frasco 190 Gr",
    "category": "Otros vegetales",
    "url": "https://tienda.consum.es/es/p/zanahoria-rallada-frasco/7322717",
    "price": 0.75,
    "reference_price": 3.95,
    "iva": 10,
    "reference_unit": "1 Kg",
    "date": "2023-01-17"
  },
  {
    "id": 20530,
    "name": "Espárragos muy Gruesos Frasco CARRETILLA",
    "description": "Espárragos muy Gruesos Frasco 110 Gr",
    "category": "Espárragos y palmitos",
    "url": "https://tienda.consum.es/es/p/esparragos-muy-gruesos-frasco/7324213",
    "price": 2.95,
    "reference_price": 26.82,
    "iva": 10,
    "reference_unit": "1 Kg",
    "date": "2023-01-17"
  },
  {
    "id": 20531,
    "name": "Pimiento Morrón Entero Lata Pack de 3 CONSUM",
    "description": "Pimiento Morrón Entero Lata Pack de 3 3 x 60 Gr",
    "category": "Pimiento",
    "url": "https://tienda.consum.es/es/p/pimiento-morron-entero-lata-pack-de-3/7324833",
    "price": 1.49,
    "reference_price": 8.28,
    "iva": 10,
    "reference_unit": "1 Kg",
    "date": "2023-01-17"
  },
  {
    "id": 20532,
    "name": "Pimiento Tiras con Ajo Frasco CONSUM",
    "description": "Pimiento Tiras con Ajo Frasco 190 Gr",
    "category": "Pimiento",
    "url": "https://tienda.consum.es/es/p/pimiento-tiras-con-ajo-frasco/7324841",
    "price": 1.19,
    "reference_price": 6.26,
    "iva": 10,
    "reference_unit": "1 Kg",
    "date": "2023-01-17"
  },
  {
    "id": 20533,
    "name": "Pimiento Asado Tiras Lata Pack de 3 CONSUM",
    "description": "Pimiento Asado Tiras Lata Pack de 3 3 x 60 Gr",
    "category": "Pimiento",
    "url": "https://tienda.consum.es/es/p/pimiento-asado-tiras-lata-pack-de-3/7324846",
    "price": 1.15,
    "reference_price": 6.39,
    "iva": 10,
    "reference_unit": "1 Kg",
    "date": "2023-01-17"
  },
  {
    "id": 20543,
    "name": "Escamas de Sal Bote MARSALIS",
    "description": "Escamas de Sal Bote 250 Gr",
    "category": "Sal y especias",
    "url": "https://tienda.consum.es/es/p/escamas-de-sal-bote/7327430",
    "price": 3.89,
    "reference_price": 15.56,
    "iva": 10,
    "reference_unit": "1 Kg",
    "date": "2023-01-17"
  },
  {
    "id": 20544,
    "name": "Garbanzo Bio Paquete DON PEDRO",
    "description": "Garbanzo Bio Paquete 500 Gr",
    "category": "Arroz, pastas, legumbres",
    "url": "https://tienda.consum.es/es/p/garbanzo-bio-paquete/7327435",
    "price": 2.49,
    "reference_price": 4.98,
    "iva": 0,
    "reference_unit": "1 Kg",
    "date": "2023-01-17"
  },
  {
    "id": 20548,
    "name": "Pan Mini Burger 10 Unidades ",
    "description": "Pan Mini Burger 10 Unidades 200 Gr",
    "category": "Pan hamburguesas y perritos",
    "url": "https://tienda.consum.es/es/p/pan-mini-burger-10-unidades/7327674",
    "price": 1.49,
    "reference_price": 7.45,
    "iva": 10,
    "reference_unit": "1 Kg",
    "date": "2023-01-17"
  },
  {
    "id": 20551,
    "name": "Pan Tostado Tostas sin Gluten SCHÄR",
    "description": "Pan Tostado Tostas sin Gluten 260 Gr",
    "category": "Tostadas y minibiscotes",
    "url": "https://tienda.consum.es/es/p/pan-tostado-tostas-sin-gluten/7327732",
    "price": 4.99,
    "reference_price": 19.19,
    "iva": 10,
    "reference_unit": "1 Kg",
    "date": "2023-01-17"
  },
  {
    "id": 20554,
    "name": "Huevo Campero XL 1/2 Docena MONTERDE",
    "description": "Huevo Campero XL 1/2 Docena 0,5 Dc",
    "category": "Huevos",
    "url": "https://tienda.consum.es/es/p/huevo-campero-xl-1/2-docena/7327752",
    "price": 2.21,
    "reference_price": 4.42,
    "iva": 0,
    "reference_unit": "1 Dc",
    "date": "2023-01-17"
  },
  {
    "id": 20556,
    "name": "Vino Rosado D.O.Navarra HOMENAJE",
    "description": "Vino Rosado D.O.Navarra 0,75 L",
    "category": "Vinos d.o",
    "url": "https://tienda.consum.es/es/p/vino-rosado-donavarra/7327781",
    "price": 4.39,
    "reference_price": 5.85,
    "iva": 21,
    "reference_unit": "1 L",
    "date": "2023-01-17"
  },
  {
    "id": 20559,
    "name": "Cereales con Miel Pops KELLOGG'S",
    "description": "Cereales con Miel Pops 450 Gr",
    "category": "Cereales",
    "url": "https://tienda.consum.es/es/p/cereales-con-miel-pops/7328011",
    "price": 3.69,
    "reference_price": 8.2,
    "iva": 10,
    "reference_unit": "1 Kg",
    "date": "2023-01-17"
  },
  {
    "id": 20581,
    "name": "Yogur de Vaca Ecológico Natural Pack 2 Unidades CONSUM ECO",
    "description": "Yogur de Vaca Ecológico Natural Pack 2 Unidades 2 x 125 Gr",
    "category": "Cremosos y enriquecidos",
    "url": "https://tienda.consum.es/es/p/yogur-de-vaca-ecologico-natural-pack-2-unidades/7324155",
    "price": 1.55,
    "reference_price": 6.2,
    "iva": 10,
    "reference_unit": "1 Kg",
    "date": "2023-01-17"
  },
  {
    "id": 20582,
    "name": "Yogur de Vaca Ecológico con Arándanos CONSUM ECO",
    "description": "Yogur de Vaca Ecológico con Arándanos 2 x 125 Gr",
    "category": "Cremosos y enriquecidos",
    "url": "https://tienda.consum.es/es/p/yogur-de-vaca-ecologico-con-arandanos/7324163",
    "price": 1.95,
    "reference_price": 7.8,
    "iva": 10,
    "reference_unit": "1 Kg",
    "date": "2023-01-17"
  },
  {
    "id": 20592,
    "name": "Corazones Alcachofa Troceados congelados FINDUS",
    "description": "Corazones Alcachofa Troceados congelados 300 Gr",
    "category": "Espinacas,coles y alcachofas",
    "url": "https://tienda.consum.es/es/p/corazones-alcachofa-troceados-congelados/7327526",
    "price": 4.7,
    "reference_price": 15.67,
    "iva": 0,
    "reference_unit": "1 Kg",
    "date": "2023-01-17"
  },
  {
    "id": 20597,
    "name": "Cepillo Vitality Cross Action ORAL B",
    "description": "Cepillo Vitality Cross Action 1 U",
    "category": "Cepillos de dientes",
    "url": "https://tienda.consum.es/es/p/cepillo-vitality-cross-action/7327823",
    "price": 25.5,
    "reference_price": 25.5,
    "iva": 21,
    "reference_unit": "1 U",
    "date": "2023-01-17"
  },
  {
    "id": 20598,
    "name": "Servilletas Trapuntati Dos Capas FOXY",
    "description": "Servilletas Trapuntati Dos Capas 50 U",
    "category": "Servilletas de papel",
    "url": "https://tienda.consum.es/es/p/servilletas-trapuntati-dos-capas/7327943",
    "price": 2.29,
    "reference_price": 0.05,
    "iva": 21,
    "reference_unit": "1 U",
    "date": "2023-01-17"
  },
  {
    "id": 20604,
    "name": "Cerveza Lata EL ÁGUILA",
    "description": "Cerveza Lata 0,33 L",
    "category": "Nacional lata",
    "url": "https://tienda.consum.es/es/p/cerveza-lata/7328156",
    "price": 0.85,
    "reference_price": 2.58,
    "iva": 21,
    "reference_unit": "1 L",
    "date": "2023-01-17"
  },
  {
    "id": 20608,
    "name": "Cereales Choco Krispies KELLOGG'S",
    "description": "Cereales Choco Krispies 450 Gr",
    "category": "Cereales",
    "url": "https://tienda.consum.es/es/p/cereales-choco-krispies/7328235",
    "price": 2.99,
    "reference_price": 6.64,
    "iva": 10,
    "reference_unit": "1 Kg",
    "date": "2023-01-17"
  },
  {
    "id": 20611,
    "name": "Pacharán Navarro I.G.Pacharán Navarro NAPAROA",
    "description": "Pacharán Navarro I.G.Pacharán Navarro 1 L",
    "category": "Licores y vermouth",
    "url": "https://tienda.consum.es/es/p/pacharan-navarro-igpacharan-navarro/7328347",
    "price": 7.25,
    "reference_price": 7.25,
    "iva": 21,
    "reference_unit": "1 L",
    "date": "2023-01-17"
  },
  {
    "id": 20613,
    "name": "Pechuga de Pollo Braseada BONNATUR",
    "description": "Pechuga de Pollo Braseada",
    "category": "Fiambres ave",
    "url": "https://tienda.consum.es/es/p/pechuga-de-pollo-braseada/7319358",
    "price": 12.9,
    "reference_price": 12.9,
    "iva": 10,
    "reference_unit": "1 Kg",
    "date": "2023-01-17"
  },
  {
    "id": 20659,
    "name": "Colonia Hombre CROSSMEN",
    "description": "Colonia Hombre 200 ml",
    "category": "Masculinas",
    "url": "https://tienda.consum.es/es/p/colonia-hombre/7326002",
    "price": 8.95,
    "reference_price": 4.48,
    "iva": 21,
    "reference_unit": "100 ml",
    "date": "2023-01-17"
  },
  {
    "id": 20664,
    "name": "Gel Limpiador Detox Bío GARNIER",
    "description": "Gel Limpiador Detox Bío 150 ml",
    "category": "Limpieza y desmaquilladores",
    "url": "https://tienda.consum.es/es/p/gel-limpiador-detox-bio/7326382",
    "price": 5.99,
    "reference_price": 3.99,
    "iva": 21,
    "reference_unit": "100 ml",
    "date": "2023-01-17"
  },
  {
    "id": 20665,
    "name": "Agua Micelar Ecológica GARNIER",
    "description": "Agua Micelar Ecológica 400 ml",
    "category": "Limpieza y desmaquilladores",
    "url": "https://tienda.consum.es/es/p/agua-micelar-ecologica/7326387",
    "price": 5.95,
    "reference_price": 1.49,
    "iva": 21,
    "reference_unit": "100 ml",
    "date": "2023-01-17"
  },
  {
    "id": 20667,
    "name": "Tortillas de Maíz sin Gluten 10 Unidades MEXIFOODS",
    "description": "Tortillas de Maíz sin Gluten 10 Unidades 250 Gr",
    "category": "Cocina internacional",
    "url": "https://tienda.consum.es/es/p/tortillas-de-maiz-sin-gluten-10-unidades/7327364",
    "price": 1.99,
    "reference_price": 7.96,
    "iva": 10,
    "reference_unit": "1 Kg",
    "date": "2023-01-17"
  },
  {
    "id": 20674,
    "name": "Salsa Tradicional Tarro Cristal KRAFT",
    "description": "Salsa Tradicional Tarro Cristal 500 ml",
    "category": "Mayonesa",
    "url": "https://tienda.consum.es/es/p/salsa-tradicional-tarro-cristal/7328248",
    "price": 2.49,
    "reference_price": 5.08,
    "iva": 10,
    "reference_unit": "1 L",
    "date": "2023-01-17"
  },
  {
    "id": 20685,
    "name": "Pants Hombre Talla L/XL DEPEND",
    "description": "Pants Hombre Talla L/XL 9 U",
    "category": "Compresas y protegeslips",
    "url": "https://tienda.consum.es/es/p/pants-hombre-talla-l/xl/7328867",
    "price": 11.5,
    "reference_price": 1.28,
    "iva": 10,
    "reference_unit": "1 U",
    "date": "2023-01-17"
  },
  {
    "id": 20688,
    "name": "Salmón Noruego Entero o Mitades ",
    "description": "Salmón Noruego Entero o Mitades - Entero 2,8 kg aprox.",
    "category": "Pescado azul",
    "url": "https://tienda.consum.es/es/p/salmon-noruego-entero-o-mitades/7323637",
    "price": 31.29,
    "reference_price": 10.95,
    "iva": 10,
    "reference_unit": "1 Kg",
    "date": "2023-01-17"
  },
  {
    "id": 20693,
    "name": "Hermético Azul 0.6 Litros TATAY",
    "description": "Hermético Azul 0.6 Litros 1 U",
    "category": "Conservación alimentos",
    "url": "https://tienda.consum.es/es/p/hermetico-azul-06-litros/7237725",
    "price": 1.79,
    "reference_price": 1.79,
    "iva": 21,
    "reference_unit": "1 U",
    "date": "2023-01-17"
  },
  {
    "id": 20694,
    "name": "Hermético Azul 2.9 Litros TATAY",
    "description": "Hermético Azul 2.9 Litros 1 U",
    "category": "Conservación alimentos",
    "url": "https://tienda.consum.es/es/p/hermetico-azul-29-litros/7237738",
    "price": 3.89,
    "reference_price": 3.89,
    "iva": 21,
    "reference_unit": "1 U",
    "date": "2023-01-17"
  },
  {
    "id": 20695,
    "name": "Hermético Azul 2.1 Litros TATAY",
    "description": "Hermético Azul 2.1 Litros 1 U",
    "category": "Conservación alimentos",
    "url": "https://tienda.consum.es/es/p/hermetico-azul-21-litros/7237746",
    "price": 3.99,
    "reference_price": 3.99,
    "iva": 21,
    "reference_unit": "1 U",
    "date": "2023-01-17"
  },
  {
    "id": 20696,
    "name": "Hermético Ovalado Azul 1.2 Litros TATAY",
    "description": "Hermético Ovalado Azul 1.2 Litros 1 U",
    "category": "Conservación alimentos",
    "url": "https://tienda.consum.es/es/p/hermetico-ovalado-azul-12-litros/7237774",
    "price": 2.99,
    "reference_price": 2.99,
    "iva": 21,
    "reference_unit": "1 U",
    "date": "2023-01-17"
  },
  {
    "id": 20707,
    "name": "Cuchara Desechable Maiz 6 Unidades BETIK",
    "description": "Cuchara Desechable Maiz 6 Unidades 6 U",
    "category": "Cubiertos, vasos y vajilla",
    "url": "https://tienda.consum.es/es/p/cuchara-desechable-maiz-6-unidades/7327901",
    "price": 0.69,
    "reference_price": 0.12,
    "iva": 21,
    "reference_unit": "1 U",
    "date": "2023-01-17"
  },
  {
    "id": 20708,
    "name": "Tenedor Desechable Maíz 6 Unidades BETIK",
    "description": "Tenedor Desechable Maíz 6 Unidades 6 U",
    "category": "Cubiertos, vasos y vajilla",
    "url": "https://tienda.consum.es/es/p/tenedor-desechable-maiz-6-unidades/7327906",
    "price": 0.85,
    "reference_price": 0.14,
    "iva": 21,
    "reference_unit": "1 U",
    "date": "2023-01-17"
  },
  {
    "id": 20709,
    "name": "Cuchillo Desechable Maíz 6 Unidades BETIK",
    "description": "Cuchillo Desechable Maíz 6 Unidades 6 U",
    "category": "Cubiertos, vasos y vajilla",
    "url": "https://tienda.consum.es/es/p/cuchillo-desechable-maiz-6-unidades/7327914",
    "price": 0.85,
    "reference_price": 0.14,
    "iva": 21,
    "reference_unit": "1 U",
    "date": "2023-01-17"
  },
  {
    "id": 20712,
    "name": "Cereales Estrellitas NESTLE",
    "description": "Cereales Estrellitas 270 Gr",
    "category": "Cereales",
    "url": "https://tienda.consum.es/es/p/cereales-estrellitas/7327935",
    "price": 2.19,
    "reference_price": 8.11,
    "iva": 10,
    "reference_unit": "1 Kg",
    "date": "2023-01-17"
  },
  {
    "id": 20714,
    "name": "Cerveza sin Filtrar Botella EL AGUILA",
    "description": "Cerveza sin Filtrar Botella 0,33 L",
    "category": "Especialidades",
    "url": "https://tienda.consum.es/es/p/cerveza-sin-filtrar-botella/7328177",
    "price": 0.99,
    "reference_price": 3,
    "iva": 21,
    "reference_unit": "1 L",
    "date": "2023-01-17"
  },
  {
    "id": 20718,
    "name": "Aceite Hidratante Aloe Piel Delicada JOHNSON",
    "description": "Aceite Hidratante Aloe Piel Delicada 500 ml",
    "category": "Body-lociones",
    "url": "https://tienda.consum.es/es/p/aceite-hidratante-aloe-piel-delicada/7328743",
    "price": 3.7,
    "reference_price": 0.74,
    "iva": 21,
    "reference_unit": "100 ml",
    "date": "2023-01-17"
  },
  {
    "id": 20719,
    "name": "Champú Gold Pump JOHNSON",
    "description": "Champú Gold Pump 750 ml",
    "category": "Champú",
    "url": "https://tienda.consum.es/es/p/champu-gold-pump/7328750",
    "price": 4.25,
    "reference_price": 0.57,
    "iva": 21,
    "reference_unit": "100 ml",
    "date": "2023-01-17"
  },
  {
    "id": 20720,
    "name": "Acondicionador Gotas de Brillo JOHNSON",
    "description": "Acondicionador Gotas de Brillo 500 ml",
    "category": "Acondicionadores",
    "url": "https://tienda.consum.es/es/p/acondicionador-gotas-de-brillo/7328805",
    "price": 3.69,
    "reference_price": 0.74,
    "iva": 21,
    "reference_unit": "100 ml",
    "date": "2023-01-17"
  },
  {
    "id": 20723,
    "name": "Orégano Frasco DUCROS",
    "description": "Orégano Frasco 65 Gr",
    "category": "Especias",
    "url": "https://tienda.consum.es/es/p/oregano-frasco/7329043",
    "price": 5.79,
    "reference_price": 89.08,
    "iva": 10,
    "reference_unit": "1 Kg",
    "date": "2023-01-17"
  },
  {
    "id": 20732,
    "name": "Toallitas Infantiles Cremosas CONSUM",
    "description": "Toallitas Infantiles Cremosas 80 U",
    "category": "Toallitas",
    "url": "https://tienda.consum.es/es/p/toallitas-infantiles-cremosas/7315984",
    "price": 1.45,
    "reference_price": 0.02,
    "iva": 21,
    "reference_unit": "1 U",
    "date": "2023-01-17"
  },
  {
    "id": 20745,
    "name": "Champú Camomila Pump JOHNSON",
    "description": "Champú Camomila Pump 750 ml",
    "category": "Champú",
    "url": "https://tienda.consum.es/es/p/champu-camomila-pump/7328748",
    "price": 4.25,
    "reference_price": 0.57,
    "iva": 21,
    "reference_unit": "100 ml",
    "date": "2023-01-17"
  },
  {
    "id": 20746,
    "name": "Champú Infantil Gotas de Brillo JOHNSON",
    "description": "Champú Infantil Gotas de Brillo 500 ml",
    "category": "Champú",
    "url": "https://tienda.consum.es/es/p/champu-infantil-gotas-de-brillo/7328789",
    "price": 3.69,
    "reference_price": 0.74,
    "iva": 21,
    "reference_unit": "100 ml",
    "date": "2023-01-17"
  },
  {
    "id": 20747,
    "name": "Jabón Líquido Infantil Dulces Sueños JOHNSON",
    "description": "Jabón Líquido Infantil Dulces Sueños 750 ml",
    "category": "Gel y champú",
    "url": "https://tienda.consum.es/es/p/jabon-liquido-infantil-dulces-suenos/7328859",
    "price": 3.49,
    "reference_price": 0.47,
    "iva": 21,
    "reference_unit": "100 ml",
    "date": "2023-01-17"
  },
  {
    "id": 20748,
    "name": "Jabón Líquido Infantil Cotton Touch JOHNSON",
    "description": "Jabón Líquido Infantil Cotton Touch 500 ml",
    "category": "Gel y champú",
    "url": "https://tienda.consum.es/es/p/jabon-liquido-infantil-cotton-touch/7328862",
    "price": 3.19,
    "reference_price": 0.64,
    "iva": 21,
    "reference_unit": "100 ml",
    "date": "2023-01-17"
  },
  {
    "id": 20750,
    "name": "Zumo Manzana Ecológico VALFRUTTA",
    "description": "Zumo Manzana Ecológico 1 L",
    "category": "Zumos y néctares no refrigerados",
    "url": "https://tienda.consum.es/es/p/zumo-manzana-ecologico/7329019",
    "price": 2.69,
    "reference_price": 2.69,
    "iva": 10,
    "reference_unit": "1 L",
    "date": "2023-01-17"
  },
  {
    "id": 20751,
    "name": "Tomillo Entero Frasco DUCROS",
    "description": "Tomillo Entero Frasco 11 Gr",
    "category": "Especias",
    "url": "https://tienda.consum.es/es/p/tomillo-entero-frasco/7329030",
    "price": 2.15,
    "reference_price": 19.55,
    "iva": 10,
    "reference_unit": "100 Gr",
    "date": "2023-01-17"
  },
  {
    "id": 20752,
    "name": "Agua Mineral Natural Botella FONT VELLA",
    "description": "Agua Mineral Natural Botella 0,75 L",
    "category": "Agua sin gas : botella",
    "url": "https://tienda.consum.es/es/p/agua-mineral-natural-botella/7329121",
    "price": 0.89,
    "reference_price": 1.19,
    "iva": 10,
    "reference_unit": "1 L",
    "date": "2023-01-17"
  },
  {
    "id": 20761,
    "name": "Braseado de Verdura Patata y Setas congelado C.NAVARRA",
    "description": "Braseado de Verdura Patata y Setas congelado 450 Gr",
    "category": "Carne, verduras y otros",
    "url": "https://tienda.consum.es/es/p/braseado-de-verdura-patata-y-setas-congelado/7328024",
    "price": 1.99,
    "reference_price": 4.42,
    "iva": 10,
    "reference_unit": "1 Kg",
    "date": "2023-01-17"
  },
  {
    "id": 20764,
    "name": "Dos Tetinas Silicona TIGEX",
    "description": "Dos Tetinas Silicona 2 U",
    "category": "Puericultura",
    "url": "https://tienda.consum.es/es/p/dos-tetinas-silicona/7328854",
    "price": 3.55,
    "reference_price": 1.78,
    "iva": 21,
    "reference_unit": "1 U",
    "date": "2023-01-17"
  },
  {
    "id": 20765,
    "name": "Toallitas Desmaquillantes Viaje VITESSE",
    "description": "Toallitas Desmaquillantes Viaje 12 U",
    "category": "Limpieza y desmaquilladores",
    "url": "https://tienda.consum.es/es/p/toallitas-desmaquillantes-viaje/7328920",
    "price": 1.49,
    "reference_price": 0.12,
    "iva": 21,
    "reference_unit": "1 U",
    "date": "2023-01-17"
  },
  {
    "id": 20768,
    "name": "Ajo Perejil Selección Frasco DUCROS",
    "description": "Ajo Perejil Selección Frasco 18 Gr",
    "category": "Especias",
    "url": "https://tienda.consum.es/es/p/ajo-perejil-seleccion-frasco/7329035",
    "price": 4.29,
    "reference_price": 23.83,
    "iva": 10,
    "reference_unit": "100 Gr",
    "date": "2023-01-17"
  },
  {
    "id": 20769,
    "name": "Queso Havarti Lonchas ARLA",
    "description": "Queso Havarti Lonchas 300 Gr",
    "category": "Bola, edam, gouda, maasdam",
    "url": "https://tienda.consum.es/es/p/queso-havarti-lonchas/7329055",
    "price": 4.47,
    "reference_price": 14.9,
    "iva": 0,
    "reference_unit": "1 Kg",
    "date": "2023-01-17"
  },
  {
    "id": 20770,
    "name": "Piparras Dulces Aceite Oliva Bote CORBI",
    "description": "Piparras Dulces Aceite Oliva Bote 220 Gr",
    "category": "Guindillas",
    "url": "https://tienda.consum.es/es/p/piparras-dulces-aceite-oliva-bote/7329063",
    "price": 2.49,
    "reference_price": 11.32,
    "iva": 10,
    "reference_unit": "1 Kg",
    "date": "2023-01-17"
  },
  {
    "id": 20775,
    "name": "Tarta Crujiente de Chocolate y Nata ",
    "description": "Tarta Crujiente de Chocolate y Nata 350 Gr",
    "category": "Tartas ",
    "url": "https://tienda.consum.es/es/p/tarta-crujiente-de-chocolate-y-nata/7329188",
    "price": 7.49,
    "reference_price": 21.4,
    "iva": 10,
    "reference_unit": "1 Kg",
    "date": "2023-01-17"
  },
  {
    "id": 20785,
    "name": "Cerveza IPA Artesana Botella TYRIS",
    "description": "Cerveza IPA Artesana Botella 0,33 L",
    "category": "Especialidades",
    "url": "https://tienda.consum.es/es/p/cerveza-ipa-artesana-botella/7329873",
    "price": 1.69,
    "reference_price": 5.12,
    "iva": 21,
    "reference_unit": "1 L",
    "date": "2023-01-17"
  },
  {
    "id": 20792,
    "name": "Bolsa Multiusos Zipper Mediana de 1 Litro CONSUM",
    "description": "Bolsa Multiusos Zipper Mediana de 1 Litro 15 U",
    "category": "Bazar",
    "url": "https://tienda.consum.es/es/p/bolsa-multiusos-zipper-mediana-de-1-litro/7310659",
    "price": 1.4,
    "reference_price": 0.09,
    "iva": 21,
    "reference_unit": "1 U",
    "date": "2023-01-17"
  },
  {
    "id": 20794,
    "name": "Papel Higiénico Húmedo CONSUM KIDS",
    "description": "Papel Higiénico Húmedo 120 U",
    "category": "Toallitas",
    "url": "https://tienda.consum.es/es/p/papel-higienico-humedo/7315997",
    "price": 2.15,
    "reference_price": 0.02,
    "iva": 21,
    "reference_unit": "1 U",
    "date": "2023-01-17"
  },
  {
    "id": 20798,
    "name": "Berberechos al Natural 35/45 Piezas CONSUM",
    "description": "Berberechos al Natural 35/45 Piezas 63 Gr",
    "category": "Almejas, berberechos y navajas",
    "url": "https://tienda.consum.es/es/p/berberechos-al-natural-35/45-piezas/7327570",
    "price": 5.95,
    "reference_price": 94.44,
    "iva": 10,
    "reference_unit": "1 Kg",
    "date": "2023-01-17"
  },
  {
    "id": 20800,
    "name": "Magnum Mini Chocolate Blanco & Cookies FRIGO",
    "description": "Magnum Mini Chocolate Blanco & Cookies 270 Gr",
    "category": "Bombones",
    "url": "https://tienda.consum.es/es/p/magnum-mini-chocolate-blanco-cookies/7327885",
    "price": 5.49,
    "reference_price": 20.33,
    "iva": 10,
    "reference_unit": "1 Kg",
    "date": "2023-01-17"
  },
  {
    "id": 20801,
    "name": "Crema Facial Hidratante KYREY",
    "description": "Crema Facial Hidratante 50 ml",
    "category": "Hidratación",
    "url": "https://tienda.consum.es/es/p/crema-facial-hidratante/7328359",
    "price": 2.99,
    "reference_price": 5.98,
    "iva": 21,
    "reference_unit": "100 ml",
    "date": "2023-01-17"
  },
  {
    "id": 20806,
    "name": "Vino Tinto D.O.Ribera del Queiles GAR.SALVAJE",
    "description": "Vino Tinto D.O.Ribera del Queiles 0,75 L",
    "category": "Vinos d.o",
    "url": "https://tienda.consum.es/es/p/vino-tinto-doribera-del-queiles/7329154",
    "price": 7.29,
    "reference_price": 9.72,
    "iva": 21,
    "reference_unit": "1 L",
    "date": "2023-01-17"
  },
  {
    "id": 20815,
    "name": "Picoteo Surtido de Snacks TOSFRIT",
    "description": "Picoteo Surtido de Snacks 90 Gr",
    "category": "Snacks y otros aperitivos",
    "url": "https://tienda.consum.es/es/p/picoteo-surtido-de-snacks/7329944",
    "price": 1,
    "reference_price": 11.11,
    "iva": 10,
    "reference_unit": "1 Kg",
    "date": "2023-01-17"
  },
  {
    "id": 20816,
    "name": "Vino Tinto Reserva D.O.Valdepeñas CAST.MENARA",
    "description": "Vino Tinto Reserva D.O.Valdepeñas 0,75 L",
    "category": "Vinos d.o",
    "url": "https://tienda.consum.es/es/p/vino-tinto-reserva-dovaldepenas/7330041",
    "price": 2.5,
    "reference_price": 3.33,
    "iva": 21,
    "reference_unit": "1 L",
    "date": "2023-01-17"
  },
  {
    "id": 20820,
    "name": "Refresco Manzana sin Gas Botella ENJOY",
    "description": "Refresco Manzana sin Gas Botella 1,5 L",
    "category": "Refrescos sin gas",
    "url": "https://tienda.consum.es/es/p/refresco-manzana-sin-gas-botella/7330579",
    "price": 1,
    "reference_price": 0.67,
    "iva": 21,
    "reference_unit": "1 L",
    "date": "2023-01-17"
  },
  {
    "id": 20852,
    "name": "Cabeza de Jabalí Ibérica a la Trufa con Pistachos PICKEN",
    "description": "Cabeza de Jabalí Ibérica a la Trufa con Pistachos",
    "category": "Otros cocidos",
    "url": "https://tienda.consum.es/es/p/cabeza-de-jabali-iberica-a-la-trufa-con-pistachos/7216641",
    "price": 15.5,
    "reference_price": 15.5,
    "iva": 10,
    "reference_unit": "1 Kg",
    "date": "2023-01-17"
  },
  {
    "id": 20857,
    "name": "Té Earl Grey 25 Bolsitas TWININGS",
    "description": "Té Earl Grey 25 Bolsitas 82 Gr",
    "category": "Té",
    "url": "https://tienda.consum.es/es/p/te-earl-grey-25-bolsitas/7245272",
    "price": 4.35,
    "reference_price": 53.05,
    "iva": 10,
    "reference_unit": "1 Kg",
    "date": "2023-01-17"
  },
  {
    "id": 20865,
    "name": "Saltletts Classic Palitos Pretzel GI15 LORENZ",
    "description": "Saltletts Classic Palitos Pretzel GI15 75 Gr",
    "category": "Galletas saladas",
    "url": "https://tienda.consum.es/es/p/saltletts-classic-palitos-pretzel-gi15/7293707",
    "price": 1.25,
    "reference_price": 16.67,
    "iva": 10,
    "reference_unit": "1 Kg",
    "date": "2023-01-17"
  },
  {
    "id": 20871,
    "name": "Zumo Naranja con Pulpa Refrigerado CONSUM",
    "description": "Zumo Naranja con Pulpa Refrigerado 1 L",
    "category": "Zumos refrigerados",
    "url": "https://tienda.consum.es/es/p/zumo-naranja-con-pulpa-refrigerado/7314677",
    "price": 1.4,
    "reference_price": 1.4,
    "iva": 10,
    "reference_unit": "1 L",
    "date": "2023-01-17"
  },
  {
    "id": 20872,
    "name": "Zumo Naranja sin Pulpa Refrigerado CONSUM",
    "description": "Zumo Naranja sin Pulpa Refrigerado 1 L",
    "category": "Zumos refrigerados",
    "url": "https://tienda.consum.es/es/p/zumo-naranja-sin-pulpa-refrigerado/7314680",
    "price": 1.4,
    "reference_price": 1.4,
    "iva": 10,
    "reference_unit": "1 L",
    "date": "2023-01-17"
  },
  {
    "id": 20873,
    "name": "Zumo de Manzana Refrigerado CONSUM",
    "description": "Zumo de Manzana Refrigerado 1 L",
    "category": "Zumos refrigerados",
    "url": "https://tienda.consum.es/es/p/zumo-de-manzana-refrigerado/7314685",
    "price": 1.49,
    "reference_price": 1.49,
    "iva": 10,
    "reference_unit": "1 L",
    "date": "2023-01-17"
  },
  {
    "id": 20874,
    "name": "Zumo de Piña Costa Rica Refrigerado CONSUM",
    "description": "Zumo de Piña Costa Rica Refrigerado 1 L",
    "category": "Zumos refrigerados",
    "url": "https://tienda.consum.es/es/p/zumo-de-pina-costa-rica-refrigerado/7314693",
    "price": 2,
    "reference_price": 2,
    "iva": 10,
    "reference_unit": "1 L",
    "date": "2023-01-17"
  },
  {
    "id": 20876,
    "name": "Zumo de Clementina Refrigerado CONSUM",
    "description": "Zumo de Clementina Refrigerado 1 L",
    "category": "Zumos refrigerados",
    "url": "https://tienda.consum.es/es/p/zumo-de-clementina-refrigerado/7314701",
    "price": 1.49,
    "reference_price": 1.49,
    "iva": 10,
    "reference_unit": "1 L",
    "date": "2023-01-17"
  },
  {
    "id": 20877,
    "name": "Zumo de Granada Refrigerado CONSUM",
    "description": "Zumo de Granada Refrigerado 330 ml",
    "category": "Zumos refrigerados",
    "url": "https://tienda.consum.es/es/p/zumo-de-granada-refrigerado/7314706",
    "price": 1.59,
    "reference_price": 4.82,
    "iva": 10,
    "reference_unit": "1 L",
    "date": "2023-01-17"
  },
  {
    "id": 20879,
    "name": "Zumo Manzana, Naranja y Zanahoria ACE CONSUM",
    "description": "Zumo Manzana, Naranja y Zanahoria ACE 1 L",
    "category": "Zumos refrigerados",
    "url": "https://tienda.consum.es/es/p/zumo-manzana-naranja-y-zanahoria-ace/7314719",
    "price": 2.29,
    "reference_price": 2.29,
    "iva": 10,
    "reference_unit": "1 L",
    "date": "2023-01-17"
  },
  {
    "id": 20880,
    "name": "Zumo Manzana, Naranja y Zanahoria ACE CONSUM",
    "description": "Zumo Manzana, Naranja y Zanahoria ACE 330 ml",
    "category": "Zumos refrigerados",
    "url": "https://tienda.consum.es/es/p/zumo-manzana-naranja-y-zanahoria-ace/7314722",
    "price": 0.95,
    "reference_price": 2.88,
    "iva": 10,
    "reference_unit": "1 L",
    "date": "2023-01-17"
  },
  {
    "id": 20882,
    "name": "Détox con Piña, Hinojo y Alcachofa CONSUM",
    "description": "Détox con Piña, Hinojo y Alcachofa 330 ml",
    "category": "Zumos refrigerados",
    "url": "https://tienda.consum.es/es/p/detox-con-pina-hinojo-y-alcachofa/7317485",
    "price": 1.39,
    "reference_price": 4.21,
    "iva": 10,
    "reference_unit": "1 L",
    "date": "2023-01-17"
  },
  {
    "id": 20897,
    "name": "Berberechos al Natural 55/65 Pequeño CONSUM",
    "description": "Berberechos al Natural 55/65 Pequeño 63 Gr",
    "category": "Almejas, berberechos y navajas",
    "url": "https://tienda.consum.es/es/p/berberechos-al-natural-55/65-pequeno/7327542",
    "price": 3.95,
    "reference_price": 62.7,
    "iva": 10,
    "reference_unit": "1 Kg",
    "date": "2023-01-17"
  },
  {
    "id": 20898,
    "name": "Berberechos al Natural 45/55 Piezas CONSUM",
    "description": "Berberechos al Natural 45/55 Piezas 63 Gr",
    "category": "Almejas, berberechos y navajas",
    "url": "https://tienda.consum.es/es/p/berberechos-al-natural-45/55-piezas/7327575",
    "price": 4.95,
    "reference_price": 78.57,
    "iva": 10,
    "reference_unit": "1 Kg",
    "date": "2023-01-17"
  },
  {
    "id": 20904,
    "name": "Insecticida Eléctrico Ap. Líquido 45 Noches RAID",
    "description": "Insecticida Eléctrico Ap. Líquido 45 Noches 1 U",
    "category": "Eléctricos",
    "url": "https://tienda.consum.es/es/p/insecticida-electrico-ap-liquido-45-noches/7329105",
    "price": 8.15,
    "reference_price": 8.15,
    "iva": 21,
    "reference_unit": "1 U",
    "date": "2023-01-17"
  },
  {
    "id": 20905,
    "name": "Insecticida Recambio Líquido 45 Noches RAID",
    "description": "Insecticida Recambio Líquido 45 Noches 1 U",
    "category": "Eléctricos",
    "url": "https://tienda.consum.es/es/p/insecticida-recambio-liquido-45-noches/7329118",
    "price": 4.99,
    "reference_price": 4.99,
    "iva": 21,
    "reference_unit": "1 U",
    "date": "2023-01-17"
  },
  {
    "id": 20913,
    "name": "Fartons 5 Unidades ",
    "description": "Fartons 5 Unidades 150 Gr",
    "category": "Croissants y ensaimadas",
    "url": "https://tienda.consum.es/es/p/fartons-5-unidades/7329659",
    "price": 1.65,
    "reference_price": 11,
    "iva": 10,
    "reference_unit": "1 Kg",
    "date": "2023-01-17"
  },
  {
    "id": 20915,
    "name": "Pizza de Atún y Jamón York 1 Unidad ",
    "description": "Pizza de Atún y Jamón York 1 Unidad 155 Gr",
    "category": "Pizzas y hojaldres",
    "url": "https://tienda.consum.es/es/p/pizza-de-atun-y-jamon-york-1-unidad/7329860",
    "price": 1.75,
    "reference_price": 11.29,
    "iva": 10,
    "reference_unit": "1 Kg",
    "date": "2023-01-17"
  },
  {
    "id": 20919,
    "name": "Caramelo Minimits sin Azúcar Sabor Menta HALLS",
    "description": "Caramelo Minimits sin Azúcar Sabor Menta 12,5 Gr",
    "category": "Chicles, caramelos y gominolas",
    "url": "https://tienda.consum.es/es/p/caramelo-minimits-sin-azucar-sabor-menta/7330132",
    "price": 1,
    "reference_price": 8,
    "iva": 10,
    "reference_unit": "100 Gr",
    "date": "2023-01-17"
  },
  {
    "id": 20920,
    "name": "Caramelo Minimits sin Azúcar Sabor Sandía HALLS",
    "description": "Caramelo Minimits sin Azúcar Sabor Sandía 12,5 Gr",
    "category": "Chicles, caramelos y gominolas",
    "url": "https://tienda.consum.es/es/p/caramelo-minimits-sin-azucar-sabor-sandia/7330137",
    "price": 1,
    "reference_price": 8,
    "iva": 10,
    "reference_unit": "100 Gr",
    "date": "2023-01-17"
  },
  {
    "id": 20926,
    "name": "Longaniza Imperial de Pavo ELPOZO",
    "description": "Longaniza Imperial de Pavo 230 Gr",
    "category": "Fiambres ave",
    "url": "https://tienda.consum.es/es/p/longaniza-imperial-de-pavo/7330822",
    "price": 3.45,
    "reference_price": 13.8,
    "iva": 10,
    "reference_unit": "1 Kg",
    "date": "2023-01-17"
  },
  {
    "id": 20932,
    "name": "Lentejas Riojana 30% Menos Grasa y Sal LITORAL",
    "description": "Lentejas Riojana 30% Menos Grasa y Sal 425 Gr",
    "category": "Conservas",
    "url": "https://tienda.consum.es/es/p/lentejas-riojana-30-menos-grasa-y-sal/7330889",
    "price": 2.29,
    "reference_price": 5.39,
    "iva": 10,
    "reference_unit": "1 Kg",
    "date": "2023-01-17"
  },
  {
    "id": 20934,
    "name": "Patata Roja ",
    "description": "Patata Roja",
    "category": "Patatas, cebollas y ajos",
    "url": "https://tienda.consum.es/es/p/patata-roja/7330913",
    "price": 0.57,
    "reference_price": 1.72,
    "iva": 0,
    "reference_unit": "1 Kg",
    "date": "2023-01-17"
  },
  {
    "id": 20943,
    "name": "Boniato Micro ",
    "description": "Boniato Micro 400 Gr",
    "category": "Verduras microondas",
    "url": "https://tienda.consum.es/es/p/boniato-micro/7331171",
    "price": 2.16,
    "reference_price": 5.4,
    "iva": 0,
    "reference_unit": "1 Kg",
    "date": "2023-01-17"
  },
  {
    "id": 20972,
    "name": "Friegasuelos Aire Fresco CONSUM",
    "description": "Friegasuelos Aire Fresco 1,2 L",
    "category": "Fregasuelos",
    "url": "https://tienda.consum.es/es/p/friegasuelos-aire-fresco/7324528",
    "price": 0.75,
    "reference_price": 0.63,
    "iva": 21,
    "reference_unit": "1 L",
    "date": "2023-01-17"
  },
  {
    "id": 20980,
    "name": "Tinte Color Advance 8.1 Rubio Claro Ceniza LLONGUERAS",
    "description": "Tinte Color Advance 8.1 Rubio Claro Ceniza 1 U",
    "category": "Coloración",
    "url": "https://tienda.consum.es/es/p/tinte-color-advance-81-rubio-claro-ceniza/7329373",
    "price": 6.59,
    "reference_price": 6.59,
    "iva": 21,
    "reference_unit": "1 U",
    "date": "2023-01-17"
  },
  {
    "id": 20981,
    "name": "Tinte Color Advance 7.34 Rubio Dorado Cobrizo LLONGUERAS",
    "description": "Tinte Color Advance 7.34 Rubio Dorado Cobrizo 1 U",
    "category": "Coloración",
    "url": "https://tienda.consum.es/es/p/tinte-color-advance-734-rubio-dorado-cobrizo/7329378",
    "price": 6.59,
    "reference_price": 6.59,
    "iva": 21,
    "reference_unit": "1 U",
    "date": "2023-01-17"
  },
  {
    "id": 20982,
    "name": "Tinte Color Advance 7.77 Marrón Glacé LLONGUERAS",
    "description": "Tinte Color Advance 7.77 Marrón Glacé 1 U",
    "category": "Coloración",
    "url": "https://tienda.consum.es/es/p/tinte-color-advance-777-marron-glace/7329381",
    "price": 6.59,
    "reference_price": 6.59,
    "iva": 21,
    "reference_unit": "1 U",
    "date": "2023-01-17"
  },
  {
    "id": 20986,
    "name": "Acondicionador 3MM Repara y Protege PANTENE",
    "description": "Acondicionador 3MM Repara y Protege 200 ml",
    "category": "Acondicionadores",
    "url": "https://tienda.consum.es/es/p/acondicionador-3mm-repara-y-protege/7329410",
    "price": 3.99,
    "reference_price": 2,
    "iva": 21,
    "reference_unit": "100 ml",
    "date": "2023-01-17"
  },
  {
    "id": 20988,
    "name": "Pizza congelada Vegetal Horno de Piedra NIÑA DEL SUR",
    "description": "Pizza congelada Vegetal Horno de Piedra 430 Gr",
    "category": "Pizza congelada",
    "url": "https://tienda.consum.es/es/p/pizza-congelada-vegetal-horno-de-piedra/7329428",
    "price": 2.49,
    "reference_price": 5.79,
    "iva": 10,
    "reference_unit": "1 Kg",
    "date": "2023-01-17"
  },
  {
    "id": 20989,
    "name": "Pizza congelada Bacon y Atún Horno de Piedra NIÑA DEL SUR",
    "description": "Pizza congelada Bacon y Atún Horno de Piedra 400 Gr",
    "category": "Pizza congelada",
    "url": "https://tienda.consum.es/es/p/pizza-congelada-bacon-y-atun-horno-de-piedra/7329451",
    "price": 2.49,
    "reference_price": 6.23,
    "iva": 10,
    "reference_unit": "1 Kg",
    "date": "2023-01-17"
  },
  {
    "id": 20992,
    "name": "Enjuague Bucal Pack Ahorro LICOR POLO",
    "description": "Enjuague Bucal Pack Ahorro 2 x 500 ml",
    "category": "Antisépticos y enjuagues",
    "url": "https://tienda.consum.es/es/p/enjuague-bucal-pack-ahorro/7329639",
    "price": 5.49,
    "reference_price": 0.55,
    "iva": 21,
    "reference_unit": "100 ml",
    "date": "2023-01-17"
  },
  {
    "id": 20994,
    "name": "Lavavajillas en gel todo en 1 FINISH",
    "description": "Lavavajillas en gel todo en 1 50 Do",
    "category": "Lavavajillas a máquina",
    "url": "https://tienda.consum.es/es/p/lavavajillas-en-gel-todo-en-1/7329865",
    "price": 10.99,
    "reference_price": 0.22,
    "iva": 21,
    "reference_unit": "1 Lv",
    "date": "2023-01-17"
  },
  {
    "id": 21003,
    "name": "Café Blonde Espresso 10 Cápsulas STARBUCKS",
    "description": "Café Blonde Espresso 10 Cápsulas 10 U",
    "category": "Café en cápsulas",
    "url": "https://tienda.consum.es/es/p/cafe-blonde-espresso-10-capsulas/7330751",
    "price": 3.99,
    "reference_price": 0.4,
    "iva": 10,
    "reference_unit": "1 U",
    "date": "2023-01-17"
  },
  {
    "id": 21004,
    "name": "Café Pike Place Lungo 10 Cápsulas STARBUCKS",
    "description": "Café Pike Place Lungo 10 Cápsulas 10 U",
    "category": "Café en cápsulas",
    "url": "https://tienda.consum.es/es/p/cafe-pike-place-lungo-10-capsulas/7330756",
    "price": 3.99,
    "reference_price": 0.4,
    "iva": 10,
    "reference_unit": "1 U",
    "date": "2023-01-17"
  },
  {
    "id": 21005,
    "name": "Café Espresso Roast Descafeinado STARBUCKS",
    "description": "Café Espresso Roast Descafeinado 10 U",
    "category": "Café en cápsulas",
    "url": "https://tienda.consum.es/es/p/cafe-espresso-roast-descafeinado/7330764",
    "price": 3.99,
    "reference_price": 0.4,
    "iva": 10,
    "reference_unit": "1 U",
    "date": "2023-01-17"
  },
  {
    "id": 21006,
    "name": "Café Espresso Roast Dark STARBUCKS",
    "description": "Café Espresso Roast Dark 10 U",
    "category": "Café en cápsulas",
    "url": "https://tienda.consum.es/es/p/cafe-espresso-roast-dark/7330772",
    "price": 3.99,
    "reference_price": 0.4,
    "iva": 10,
    "reference_unit": "1 U",
    "date": "2023-01-17"
  },
  {
    "id": 21008,
    "name": "Queso Semicurado Light Lonchas G.BAQUERO",
    "description": "Queso Semicurado Light Lonchas 150 Gr",
    "category": "Barra y otros nacionales",
    "url": "https://tienda.consum.es/es/p/queso-semicurado-light-lonchas/7330801",
    "price": 2.68,
    "reference_price": 17.87,
    "iva": 0,
    "reference_unit": "1 Kg",
    "date": "2023-01-17"
  },
  {
    "id": 21011,
    "name": "Platanitos Salados Bolsa SOLDANZA",
    "description": "Platanitos Salados Bolsa 71 Gr",
    "category": "Cocina internacional",
    "url": "https://tienda.consum.es/es/p/platanitos-salados-bolsa/7331036",
    "price": 1.15,
    "reference_price": 16.2,
    "iva": 10,
    "reference_unit": "1 Kg",
    "date": "2023-01-17"
  },
  {
    "id": 21019,
    "name": "Cacao Soluble COLA CAO",
    "description": "Cacao Soluble 760 Gr",
    "category": "Cacao soluble",
    "url": "https://tienda.consum.es/es/p/cacao-soluble/7331569",
    "price": 5.69,
    "reference_price": 7.49,
    "iva": 10,
    "reference_unit": "1 Kg",
    "date": "2023-01-17"
  },
  {
    "id": 21054,
    "name": "Beyond Gato Grain Free Buey BEYOND",
    "description": "Beyond Gato Grain Free Buey 85 Gr",
    "category": "Húmedo",
    "url": "https://tienda.consum.es/es/p/beyond-gato-grain-free-buey/7329241",
    "price": 1.1,
    "reference_price": 12.94,
    "iva": 10,
    "reference_unit": "1 Kg",
    "date": "2023-01-17"
  },
  {
    "id": 21071,
    "name": "Papilla 8 Cereales Fruta 0% Azúcares HERO",
    "description": "Papilla 8 Cereales Fruta 0% Azúcares 340 Gr",
    "category": "Alimentación infantil",
    "url": "https://tienda.consum.es/es/p/papilla-8-cereales-fruta-0-azucares/7331085",
    "price": 3.45,
    "reference_price": 10.15,
    "iva": 10,
    "reference_unit": "1 Kg",
    "date": "2023-01-17"
  },
  {
    "id": 21072,
    "name": "Papilla 8 cereales Cacao 0% Azúcares HERO",
    "description": "Papilla 8 cereales Cacao 0% Azúcares 340 Gr",
    "category": "Alimentación infantil",
    "url": "https://tienda.consum.es/es/p/papilla-8-cereales-cacao-0-azucares/7331093",
    "price": 3.45,
    "reference_price": 10.15,
    "iva": 10,
    "reference_unit": "1 Kg",
    "date": "2023-01-17"
  },
  {
    "id": 21074,
    "name": "Tortita Sabor Miel y Mostaza BICENTURY",
    "description": "Tortita Sabor Miel y Mostaza 123,5 Gr",
    "category": "Alimentación dietética básica",
    "url": "https://tienda.consum.es/es/p/tortita-sabor-miel-y-mostaza/7331101",
    "price": 1.99,
    "reference_price": 16.11,
    "iva": 10,
    "reference_unit": "1 Kg",
    "date": "2023-01-17"
  },
  {
    "id": 21083,
    "name": "Tarta Nata y Trufa ",
    "description": "Tarta Nata y Trufa 725 Gr",
    "category": "Tartas ",
    "url": "https://tienda.consum.es/es/p/tarta-nata-y-trufa/7331304",
    "price": 8.39,
    "reference_price": 11.57,
    "iva": 10,
    "reference_unit": "1 Kg",
    "date": "2023-01-17"
  },
  {
    "id": 21086,
    "name": "Galletas Mantequilla MELS",
    "description": "Galletas Mantequilla 125 Gr",
    "category": "Desayuno y maría",
    "url": "https://tienda.consum.es/es/p/galletas-mantequilla/7331341",
    "price": 1.25,
    "reference_price": 10,
    "iva": 10,
    "reference_unit": "1 Kg",
    "date": "2023-01-17"
  },
  {
    "id": 21088,
    "name": "Beyond Perro Grain Free Pollo BEYOND",
    "description": "Beyond Perro Grain Free Pollo 400 Gr",
    "category": "Húmedo",
    "url": "https://tienda.consum.es/es/p/beyond-perro-grain-free-pollo/7331358",
    "price": 2.6,
    "reference_price": 6.5,
    "iva": 10,
    "reference_unit": "1 Kg",
    "date": "2023-01-17"
  },
  {
    "id": 21093,
    "name": "Cerveza Red Vintage Botella Cristal Pack-6 1906",
    "description": "Cerveza Red Vintage Botella Cristal Pack-6 6 x 0,33 L",
    "category": "Cervezas",
    "url": "https://tienda.consum.es/es/p/cerveza-red-vintage-botella-cristal-pack-6/7331473",
    "price": 6.99,
    "reference_price": 3.53,
    "iva": 21,
    "reference_unit": "1 L",
    "date": "2023-01-17"
  },
  {
    "id": 21103,
    "name": "Kombucha Frutos Rojos Bebida Orgánica KOMVIDA",
    "description": "Kombucha Frutos Rojos Bebida Orgánica 250 ml",
    "category": "Refrescos sin gas",
    "url": "https://tienda.consum.es/es/p/kombucha-frutos-rojos-bebida-organica/7331622",
    "price": 2.39,
    "reference_price": 9.56,
    "iva": 21,
    "reference_unit": "1 L",
    "date": "2023-01-17"
  },
  {
    "id": 21110,
    "name": "Desodorante Aloe Spray REXONA",
    "description": "Desodorante Aloe Spray 200 ml",
    "category": "Spray",
    "url": "https://tienda.consum.es/es/p/desodorante-aloe-spray/7332054",
    "price": 2.55,
    "reference_price": 1.28,
    "iva": 21,
    "reference_unit": "100 ml",
    "date": "2023-01-17"
  },
  {
    "id": 21111,
    "name": "Desodorante Ice Man Spray REXONA",
    "description": "Desodorante Ice Man Spray 200 ml",
    "category": "Spray",
    "url": "https://tienda.consum.es/es/p/desodorante-ice-man-spray/7332062",
    "price": 2.49,
    "reference_price": 1.25,
    "iva": 21,
    "reference_unit": "100 ml",
    "date": "2023-01-17"
  },
  {
    "id": 21113,
    "name": "Longaniza Pascuera CONSUM",
    "description": "Longaniza Pascuera",
    "category": "Embutido",
    "url": "https://tienda.consum.es/es/p/longaniza-pascuera/7332153",
    "price": 3.51,
    "reference_price": 9.99,
    "iva": 10,
    "reference_unit": "1 Kg",
    "date": "2023-01-17"
  },
  {
    "id": 21123,
    "name": "Recambio Ambientador Essential Mist Nenuco AIR WICK",
    "description": "Recambio Ambientador Essential Mist Nenuco 1 U",
    "category": "Ambientadores",
    "url": "https://tienda.consum.es/es/p/recambio-ambientador-essential-mist-nenuco/7322022",
    "price": 5.99,
    "reference_price": 5.99,
    "iva": 21,
    "reference_unit": "1 U",
    "date": "2023-01-17"
  },
  {
    "id": 21124,
    "name": "Azúcar de Coco Bío ECOWASSY",
    "description": "Azúcar de Coco Bío 300 Gr",
    "category": "Azúcar",
    "url": "https://tienda.consum.es/es/p/azucar-de-coco-bio/7329774",
    "price": 2.65,
    "reference_price": 8.83,
    "iva": 10,
    "reference_unit": "1 Kg",
    "date": "2023-01-17"
  },
  {
    "id": 21125,
    "name": "Snacks Guisantes y Maíz Solo Eco HERO",
    "description": "Snacks Guisantes y Maíz Solo Eco 50 Gr",
    "category": "Alimentación infantil",
    "url": "https://tienda.consum.es/es/p/snacks-guisantes-y-maiz-solo-eco/7329881",
    "price": 1.59,
    "reference_price": 31.8,
    "iva": 10,
    "reference_unit": "1 Kg",
    "date": "2023-01-17"
  },
  {
    "id": 21126,
    "name": "Cerveza Magna Lata SAN MIGUEL",
    "description": "Cerveza Magna Lata 0,33 L",
    "category": "Nacional lata",
    "url": "https://tienda.consum.es/es/p/cerveza-magna-lata/7329894",
    "price": 0.72,
    "reference_price": 2.18,
    "iva": 21,
    "reference_unit": "1 L",
    "date": "2023-01-17"
  },
  {
    "id": 21132,
    "name": "Barrita Proteína Chocolate Corny CORNY",
    "description": "Barrita Proteína Chocolate Corny 35 Gr",
    "category": "Para deportistas",
    "url": "https://tienda.consum.es/es/p/barrita-proteina-chocolate-corny/7331072",
    "price": 0.99,
    "reference_price": 2.83,
    "iva": 10,
    "reference_unit": "100 Gr",
    "date": "2023-01-17"
  },
  {
    "id": 21134,
    "name": "Salsa Carbonara Frasco GALLO",
    "description": "Salsa Carbonara Frasco 330 Gr",
    "category": "Otras salsas",
    "url": "https://tienda.consum.es/es/p/salsa-carbonara-frasco/7331106",
    "price": 2.72,
    "reference_price": 8.24,
    "iva": 10,
    "reference_unit": "1 Kg",
    "date": "2023-01-17"
  },
  {
    "id": 21136,
    "name": "Tuc Crackers Pack LU",
    "description": "Tuc Crackers Pack de 2 x 100 Gr",
    "category": "Galletas saladas",
    "url": "https://tienda.consum.es/es/p/tuc-crackers-pack/7331184",
    "price": 2.25,
    "reference_price": 11.25,
    "iva": 10,
    "reference_unit": "1 Kg",
    "date": "2023-01-17"
  },
  {
    "id": 21139,
    "name": "Dentalife Gato Salmón Snack Gato DENTALIFE",
    "description": "Dentalife Gato Salmón Snack Gato 1 U",
    "category": "Snacks",
    "url": "https://tienda.consum.es/es/p/dentalife-gato-salmon-snack-gato/7331361",
    "price": 1.89,
    "reference_price": 1.89,
    "iva": 10,
    "reference_unit": "1 U",
    "date": "2023-01-17"
  },
  {
    "id": 21141,
    "name": "Lomo Sajonia GEMI",
    "description": "Lomo Sajonia 100 Gr",
    "category": "Otros cocidos",
    "url": "https://tienda.consum.es/es/p/lomo-sajonia/7331523",
    "price": 1.85,
    "reference_price": 18.5,
    "iva": 10,
    "reference_unit": "1 Kg",
    "date": "2023-01-17"
  },
  {
    "id": 21149,
    "name": "Vino Blanco D.O.Rioja CAST.ALBAI",
    "description": "Vino Blanco D.O.Rioja 0,75 L",
    "category": "Vinos d.o",
    "url": "https://tienda.consum.es/es/p/vino-blanco-dorioja/7331812",
    "price": 4.29,
    "reference_price": 5.72,
    "iva": 21,
    "reference_unit": "1 L",
    "date": "2023-01-17"
  },
  {
    "id": 21155,
    "name": "Desodorante Invisible Spray REXONA",
    "description": "Desodorante Invisible Spray 200 ml",
    "category": "Spray",
    "url": "https://tienda.consum.es/es/p/desodorante-invisible-spray/7332047",
    "price": 2.49,
    "reference_price": 1.25,
    "iva": 21,
    "reference_unit": "100 ml",
    "date": "2023-01-17"
  },
  {
    "id": 21156,
    "name": "Desodorante Cobalt Spray REXONA",
    "description": "Desodorante Cobalt Spray 200 ml",
    "category": "Spray",
    "url": "https://tienda.consum.es/es/p/desodorante-cobalt-spray/7332059",
    "price": 2.49,
    "reference_price": 1.25,
    "iva": 21,
    "reference_unit": "100 ml",
    "date": "2023-01-17"
  },
  {
    "id": 21163,
    "name": "Vino Tinto Bobal D.O.Utiel-Requena BO",
    "description": "Vino Tinto Bobal D.O.Utiel-Requena 0,75 L",
    "category": "Vinos d.o",
    "url": "https://tienda.consum.es/es/p/vino-tinto-bobal-doutiel-requena/7332252",
    "price": 5.99,
    "reference_price": 7.99,
    "iva": 21,
    "reference_unit": "1 L",
    "date": "2023-01-17"
  },
  {
    "id": 21165,
    "name": "Toallitas Infantiles Áloe CONSUM KIDS",
    "description": "Toallitas Infantiles Áloe 80 U",
    "category": "Toallitas",
    "url": "https://tienda.consum.es/es/p/toallitas-infantiles-aloe/7315976",
    "price": 1.15,
    "reference_price": 0.01,
    "iva": 21,
    "reference_unit": "1 U",
    "date": "2023-01-17"
  },
  {
    "id": 21172,
    "name": "Cepillo Ecológico PONETTE",
    "description": "Cepillo Ecológico 1 U",
    "category": "Peines y accesorios",
    "url": "https://tienda.consum.es/es/p/cepillo-ecologico/7331143",
    "price": 4.99,
    "reference_price": 4.99,
    "iva": 21,
    "reference_unit": "1 U",
    "date": "2023-01-17"
  },
  {
    "id": 21180,
    "name": "Tinte 6.60 Rojo Intenso OLIA",
    "description": "Tinte 6.60 Rojo Intenso 1 U",
    "category": "Coloración",
    "url": "https://tienda.consum.es/es/p/tinte-660-rojo-intenso/7332331",
    "price": 6.3,
    "reference_price": 6.3,
    "iva": 21,
    "reference_unit": "1 U",
    "date": "2023-01-17"
  },
  {
    "id": 21181,
    "name": "Decolorante 8 sin Amoniaco OLIA",
    "description": "Decolorante 8 sin Amoniaco 1 U",
    "category": "Coloración",
    "url": "https://tienda.consum.es/es/p/decolorante-8-sin-amoniaco/7332336",
    "price": 6.35,
    "reference_price": 6.35,
    "iva": 21,
    "reference_unit": "1 U",
    "date": "2023-01-17"
  },
  {
    "id": 21183,
    "name": "Philadelphia Trufa PHILADELPHIA",
    "description": "Philadelphia Trufa 150 Gr",
    "category": "Quesos Para untar",
    "url": "https://tienda.consum.es/es/p/philadelphia-trufa/7332513",
    "price": 2.39,
    "reference_price": 15.93,
    "iva": 0,
    "reference_unit": "1 Kg",
    "date": "2023-01-17"
  },
  {
    "id": 21193,
    "name": "Aceite de Oliva Suave Botella CONSUM",
    "description": "Aceite de Oliva Suave Botella 5 L",
    "category": "Aceite de oliva 0, 4 y 1º",
    "url": "https://tienda.consum.es/es/p/aceite-de-oliva-suave-botella/7285252",
    "price": 23.63,
    "reference_price": 4.73,
    "iva": 5,
    "reference_unit": "1 L",
    "date": "2023-01-17"
  },
  {
    "id": 21194,
    "name": "Toallitas Infantiles Pieles Atópicas CONSUM KIDS",
    "description": "Toallitas Infantiles Pieles Atópicas 60 U",
    "category": "Toallitas",
    "url": "https://tienda.consum.es/es/p/toallitas-infantiles-pieles-atopicas/7315971",
    "price": 1.7,
    "reference_price": 0.03,
    "iva": 21,
    "reference_unit": "1 U",
    "date": "2023-01-17"
  },
  {
    "id": 21196,
    "name": "Bombón Blanco con Limón CONSUM",
    "description": "Bombón Blanco con Limón 189 Gr",
    "category": "Bombones",
    "url": "https://tienda.consum.es/es/p/bombon-blanco-con-limon/7325491",
    "price": 1.99,
    "reference_price": 10.53,
    "iva": 10,
    "reference_unit": "1 Kg",
    "date": "2023-01-17"
  },
  {
    "id": 21200,
    "name": "Mini Gomas 100 Unidades PONETTE",
    "description": "Mini Gomas 100 Unidades 1 U",
    "category": "Peines y accesorios",
    "url": "https://tienda.consum.es/es/p/mini-gomas-100-unidades/7331148",
    "price": 0.99,
    "reference_price": 0.99,
    "iva": 21,
    "reference_unit": "1 U",
    "date": "2023-01-17"
  },
  {
    "id": 21202,
    "name": "Tortilla con Cebolla Mini FLORISTAN",
    "description": "Tortilla con Cebolla Mini 200 Gr",
    "category": "Otros preparados",
    "url": "https://tienda.consum.es/es/p/tortilla-con-cebolla-mini/7331536",
    "price": 1.49,
    "reference_price": 7.45,
    "iva": 10,
    "reference_unit": "1 Kg",
    "date": "2023-01-17"
  },
  {
    "id": 21203,
    "name": "Tortilla sin Cebolla Mini FLORISTAN",
    "description": "Tortilla sin Cebolla Mini 200 Gr",
    "category": "Otros preparados",
    "url": "https://tienda.consum.es/es/p/tortilla-sin-cebolla-mini/7331544",
    "price": 1.49,
    "reference_price": 7.45,
    "iva": 10,
    "reference_unit": "1 Kg",
    "date": "2023-01-17"
  },
  {
    "id": 21205,
    "name": "Colonia Pasión Tropical Nº9 V&L",
    "description": "Colonia Pasión Tropical Nº9 150 ml",
    "category": "Femeninas",
    "url": "https://tienda.consum.es/es/p/colonia-pasion-tropical-n9/7332364",
    "price": 9.9,
    "reference_price": 6.6,
    "iva": 21,
    "reference_unit": "100 ml",
    "date": "2023-01-17"
  },
  {
    "id": 21207,
    "name": "Colonia Evasión Exótica Nº4 Hombre V&L",
    "description": "Colonia Evasión Exótica Nº4 Hombre 150 ml",
    "category": "Masculinas",
    "url": "https://tienda.consum.es/es/p/colonia-evasion-exotica-n4-hombre/7332380",
    "price": 9.9,
    "reference_price": 6.6,
    "iva": 21,
    "reference_unit": "100 ml",
    "date": "2023-01-17"
  },
  {
    "id": 21215,
    "name": "Postre Soja con Mango Sin Azúcares Añadidos ALPRO",
    "description": "Postre Soja con Mango Sin Azúcares Añadidos 400 Gr",
    "category": "Soja",
    "url": "https://tienda.consum.es/es/p/postre-soja-con-mango-sin-azucares-anadidos/7332588",
    "price": 2.59,
    "reference_price": 6.48,
    "iva": 10,
    "reference_unit": "1 Kg",
    "date": "2023-01-17"
  },
  {
    "id": 21216,
    "name": "Hélices Ensaladas Integral GALLO",
    "description": "Hélices Ensaladas Integral 400 Gr",
    "category": "Macarrones, espaguetis y tallarines",
    "url": "https://tienda.consum.es/es/p/helices-ensaladas-integral/7332617",
    "price": 1.7,
    "reference_price": 4.25,
    "iva": 5,
    "reference_unit": "1 Kg",
    "date": "2023-01-17"
  },
  {
    "id": 21217,
    "name": "Barrita Fitness Choco Negro 6 Unidades NESTLE",
    "description": "Barrita Fitness Choco Negro 6 Unidades 141 Gr",
    "category": "Barritas ",
    "url": "https://tienda.consum.es/es/p/barrita-fitness-choco-negro-6-unidades/7332708",
    "price": 2.69,
    "reference_price": 19.08,
    "iva": 10,
    "reference_unit": "1 Kg",
    "date": "2023-01-17"
  },
  {
    "id": 21218,
    "name": "Mayonesa Tarro Cristal HELLMANN'S",
    "description": "Mayonesa Tarro Cristal 825 ml",
    "category": "Mayonesa",
    "url": "https://tienda.consum.es/es/p/mayonesa-tarro-cristal/7332880",
    "price": 4.45,
    "reference_price": 5.39,
    "iva": 10,
    "reference_unit": "1 L",
    "date": "2023-01-17"
  },
  {
    "id": 21245,
    "name": "Barra Labios Sensational Nº373 MAYBELLINE",
    "description": "Barra Labios Sensational Nº373 1 U",
    "category": "Labiales",
    "url": "https://tienda.consum.es/es/p/barra-labios-sensational-n373/7329993",
    "price": 4.55,
    "reference_price": 4.55,
    "iva": 21,
    "reference_unit": "1 U",
    "date": "2023-01-17"
  },
  {
    "id": 21270,
    "name": "Vaso Cartón Arrugado 360 ml BETIK",
    "description": "Vaso Cartón Arrugado 360 ml 12 U",
    "category": "Cubiertos, vasos y vajilla",
    "url": "https://tienda.consum.es/es/p/vaso-carton-arrugado-360-ml/7332443",
    "price": 3.15,
    "reference_price": 0.26,
    "iva": 21,
    "reference_unit": "1 U",
    "date": "2023-01-17"
  },
  {
    "id": 21272,
    "name": "Cerveza Blonde Abadía Botella LEFFE",
    "description": "Cerveza Blonde Abadía Botella 0,33 L",
    "category": "Importación botella",
    "url": "https://tienda.consum.es/es/p/cerveza-blonde-abadia-botella/7332711",
    "price": 1.75,
    "reference_price": 5.3,
    "iva": 21,
    "reference_unit": "1 L",
    "date": "2023-01-17"
  },
  {
    "id": 21274,
    "name": "Cañita Papel Recta de 20 cm BETIK",
    "description": "Cañita Papel Recta de 20 cm 48 U",
    "category": "Cubiertos, vasos y vajilla",
    "url": "https://tienda.consum.es/es/p/canita-papel-recta-de-20-cm/7332781",
    "price": 1.79,
    "reference_price": 0.04,
    "iva": 21,
    "reference_unit": "1 U",
    "date": "2023-01-17"
  },
  {
    "id": 21278,
    "name": "Huesos de Ternera CONSUM",
    "description": "Huesos de Ternera",
    "category": "Ternera y añojo",
    "url": "https://tienda.consum.es/es/p/huesos-de-ternera/7332869",
    "price": 1.49,
    "reference_price": 5.95,
    "iva": 10,
    "reference_unit": "1 Kg",
    "date": "2023-01-17"
  },
  {
    "id": 21286,
    "name": "Tomate Frito Estilo Casero HIDA",
    "description": "Tomate Frito Estilo Casero 350 Gr",
    "category": "Tomate",
    "url": "https://tienda.consum.es/es/p/tomate-frito-estilo-casero/7333011",
    "price": 1.69,
    "reference_price": 4.83,
    "iva": 10,
    "reference_unit": "1 Kg",
    "date": "2023-01-17"
  },
  {
    "id": 21299,
    "name": "Zumo Exprimido Naranja con Pulpa Brik CONSUM",
    "description": "Zumo Exprimido Naranja con Pulpa Brik 1 L",
    "category": "Zumos y néctares no refrigerados",
    "url": "https://tienda.consum.es/es/p/zumo-exprimido-naranja-con-pulpa-brik/7302792",
    "price": 1.05,
    "reference_price": 1.05,
    "iva": 10,
    "reference_unit": "1 L",
    "date": "2023-01-17"
  },
  {
    "id": 21303,
    "name": "Tarrina Chocolate Vegano 450 Ml. VCLUB",
    "description": "Tarrina Chocolate Vegano 450 Ml. 250 Gr",
    "category": "Helados",
    "url": "https://tienda.consum.es/es/p/tarrina-chocolate-vegano-450-ml/7329832",
    "price": 3.45,
    "reference_price": 13.8,
    "iva": 10,
    "reference_unit": "1 Kg",
    "date": "2023-01-17"
  },
  {
    "id": 21306,
    "name": "Cubo Pedal Cubik TATAY",
    "description": "Cubo Pedal Cubik 21 L",
    "category": "Cubos y barreños",
    "url": "https://tienda.consum.es/es/p/cubo-pedal-cubik/7332141",
    "price": 8.5,
    "reference_price": 8.5,
    "iva": 21,
    "reference_unit": "1 U",
    "date": "2023-01-17"
  },
  {
    "id": 21307,
    "name": "Agua Mineral Natural Tapón Sport AQUAREL",
    "description": "Agua Mineral Natural Tapón Sport 0,75 L",
    "category": "Agua sin gas : botella",
    "url": "https://tienda.consum.es/es/p/agua-mineral-natural-tapon-sport/7332224",
    "price": 0.65,
    "reference_price": 0.87,
    "iva": 10,
    "reference_unit": "1 L",
    "date": "2023-01-17"
  },
  {
    "id": 21318,
    "name": "Cacao Soluble Caja Más Regalo COLA CAO",
    "description": "Cacao Soluble Caja Más Regalo 2,7 Kg",
    "category": "Cacao soluble",
    "url": "https://tienda.consum.es/es/p/cacao-soluble-caja-mas-regalo/7332885",
    "price": 14.95,
    "reference_price": 5.98,
    "iva": 10,
    "reference_unit": "1 Kg",
    "date": "2023-01-17"
  },
  {
    "id": 21320,
    "name": "Queso Grana Padano D.O.P. SPIGA",
    "description": "Queso Grana Padano D.O.P. 180 Gr",
    "category": "Quesos de importación",
    "url": "https://tienda.consum.es/es/p/queso-grana-padano-dop/7332922",
    "price": 2.78,
    "reference_price": 15.44,
    "iva": 0,
    "reference_unit": "1 Kg",
    "date": "2023-01-17"
  },
  {
    "id": 21321,
    "name": "Queso de Cabra Afinado CAPRIMED",
    "description": "Queso de Cabra Afinado 250 Gr",
    "category": "Brie, camembert y cremosos",
    "url": "https://tienda.consum.es/es/p/queso-de-cabra-afinado/7332955",
    "price": 4.28,
    "reference_price": 17.12,
    "iva": 0,
    "reference_unit": "1 Kg",
    "date": "2023-01-17"
  },
  {
    "id": 21324,
    "name": "Bebida de Avena sin Azúcar Brik ALPRO",
    "description": "Bebida de Avena sin Azúcar Brik 1 L",
    "category": "Bebidas vegetales",
    "url": "https://tienda.consum.es/es/p/bebida-de-avena-sin-azucar-brik/7333003",
    "price": 2.19,
    "reference_price": 2.19,
    "iva": 10,
    "reference_unit": "1 L",
    "date": "2023-01-17"
  },
  {
    "id": 21325,
    "name": "Cebolla Confitada Tarro BEBE",
    "description": "Cebolla Confitada Tarro 230 Gr",
    "category": "Mermeladas y confituras",
    "url": "https://tienda.consum.es/es/p/cebolla-confitada-tarro/7333029",
    "price": 1.6,
    "reference_price": 6.96,
    "iva": 10,
    "reference_unit": "1 Kg",
    "date": "2023-01-17"
  },
  {
    "id": 21326,
    "name": "Café Cappuccino Botella PULEVA",
    "description": "Café Cappuccino Botella 1 L",
    "category": "Batidos y cafés",
    "url": "https://tienda.consum.es/es/p/cafe-cappuccino-botella/7333032",
    "price": 2.15,
    "reference_price": 2.15,
    "iva": 10,
    "reference_unit": "1 L",
    "date": "2023-01-17"
  },
  {
    "id": 21332,
    "name": "Patatas Fritas Receta Original VIDAL",
    "description": "Patatas Fritas Receta Original 250 Gr",
    "category": "Patatas fritas",
    "url": "https://tienda.consum.es/es/p/patatas-fritas-receta-original/7333110",
    "price": 2.35,
    "reference_price": 9.4,
    "iva": 10,
    "reference_unit": "1 Kg",
    "date": "2023-01-17"
  },
  {
    "id": 21333,
    "name": "Fideos Vermicelli Bolsa YANG-TSE",
    "description": "Fideos Vermicelli Bolsa 250 Gr",
    "category": "Cocina internacional",
    "url": "https://tienda.consum.es/es/p/fideos-vermicelli-bolsa/7333128",
    "price": 1.99,
    "reference_price": 7.96,
    "iva": 10,
    "reference_unit": "1 Kg",
    "date": "2023-01-17"
  },
  {
    "id": 21334,
    "name": "Salsa Gaucha YBARRA",
    "description": "Salsa Gaucha 300 ml",
    "category": "Otras salsas",
    "url": "https://tienda.consum.es/es/p/salsa-gaucha/7333131",
    "price": 2.25,
    "reference_price": 7.5,
    "iva": 10,
    "reference_unit": "1 L",
    "date": "2023-01-17"
  },
  {
    "id": 21343,
    "name": "Provolone Spiga Gourmet SPIGA",
    "description": "Provolone Spiga Gourmet 150 Gr",
    "category": "Quesos de importación",
    "url": "https://tienda.consum.es/es/p/provolone-spiga-gourmet/7333342",
    "price": 1.84,
    "reference_price": 12.27,
    "iva": 0,
    "reference_unit": "1 Kg",
    "date": "2023-01-17"
  },
  {
    "id": 21344,
    "name": "Muslitos de Pollo Certificado CONSUM",
    "description": "Muslitos de Pollo Certificado",
    "category": "Aves y conejo",
    "url": "https://tienda.consum.es/es/p/muslitos-de-pollo-certificado/7333362",
    "price": 5.21,
    "reference_price": 6.3,
    "iva": 10,
    "reference_unit": "1 Kg",
    "date": "2023-01-17"
  },
  {
    "id": 21348,
    "name": "Maquinilla Desechable Oceana VENUS",
    "description": "Maquinilla Desechable Oceana 4 U",
    "category": "Maquinillas y recambios",
    "url": "https://tienda.consum.es/es/p/maquinilla-desechable-oceana/7333490",
    "price": 6.99,
    "reference_price": 1.75,
    "iva": 21,
    "reference_unit": "1 U",
    "date": "2023-01-17"
  },
  {
    "id": 21351,
    "name": "Brownie con Chocolate MR.BROWNIE",
    "description": "Brownie con Chocolate 200 Gr",
    "category": "Desayuno, dulces y café",
    "url": "https://tienda.consum.es/es/p/brownie-con-chocolate/7333628",
    "price": 2.25,
    "reference_price": 11.25,
    "iva": 10,
    "reference_unit": "1 Kg",
    "date": "2023-01-17"
  },
  {
    "id": 21366,
    "name": "Aceite de Oliva Intenso Botella CONSUM",
    "description": "Aceite de Oliva Intenso Botella 5 L",
    "category": "Aceite de oliva 0, 4 y 1º",
    "url": "https://tienda.consum.es/es/p/aceite-de-oliva-intenso-botella/7285208",
    "price": 23.63,
    "reference_price": 4.73,
    "iva": 5,
    "reference_unit": "1 L",
    "date": "2023-01-17"
  },
  {
    "id": 21370,
    "name": "Mousse de Chocolate con Leche CONSUM",
    "description": "Mousse de Chocolate con Leche 4 x 60 Gr",
    "category": "Mousse",
    "url": "https://tienda.consum.es/es/p/mousse-de-chocolate-con-leche/7317324",
    "price": 1.19,
    "reference_price": 4.96,
    "iva": 10,
    "reference_unit": "1 Kg",
    "date": "2023-01-17"
  },
  {
    "id": 21372,
    "name": "Friegasuelos Flores Blancas CONSUM",
    "description": "Friegasuelos Flores Blancas 1,2 L",
    "category": "Fregasuelos",
    "url": "https://tienda.consum.es/es/p/friegasuelos-flores-blancas/7324531",
    "price": 0.75,
    "reference_price": 0.63,
    "iva": 21,
    "reference_unit": "1 L",
    "date": "2023-01-17"
  },
  {
    "id": 21373,
    "name": "Ajos Aliñados Frasco CONSUM",
    "description": "Ajos Aliñados Frasco 220 Gr",
    "category": "Resto de encurtidos",
    "url": "https://tienda.consum.es/es/p/ajos-alinados-frasco/7325462",
    "price": 2.15,
    "reference_price": 9.77,
    "iva": 10,
    "reference_unit": "1 Kg",
    "date": "2023-01-17"
  },
  {
    "id": 21381,
    "name": "Crackers Integral MELS",
    "description": "Crackers Integral 500 Gr",
    "category": "Tostadas y minibiscotes",
    "url": "https://tienda.consum.es/es/p/crackers-integral/7331333",
    "price": 2.39,
    "reference_price": 4.78,
    "iva": 10,
    "reference_unit": "1 Kg",
    "date": "2023-01-17"
  },
  {
    "id": 21389,
    "name": "Ice Cuvee Rosado D.O.Cava FREIXENET",
    "description": "Ice Cuvee Rosado D.O.Cava 0,75 L",
    "category": "Cavas y sidras",
    "url": "https://tienda.consum.es/es/p/ice-cuvee-rosado-docava/7331838",
    "price": 8.99,
    "reference_price": 11.99,
    "iva": 21,
    "reference_unit": "1 L",
    "date": "2023-01-17"
  },
  {
    "id": 21391,
    "name": "Refresco Agua y Zumo Limón Zero Botella FONT VELLA",
    "description": "Refresco Agua y Zumo Limón Zero Botella 1,25 L",
    "category": "Agua con sabores",
    "url": "https://tienda.consum.es/es/p/refresco-agua-y-zumo-limon-zero-botella/7331882",
    "price": 1.75,
    "reference_price": 1.4,
    "iva": 21,
    "reference_unit": "1 L",
    "date": "2023-01-17"
  },
  {
    "id": 21392,
    "name": "Bañador Desechable Little Swimmers T 3-4 HUGGIES",
    "description": "Bañador Desechable Little Swimmers T 3-4 12 U",
    "category": "Bañadores",
    "url": "https://tienda.consum.es/es/p/banador-desechable-little-swimmers-t-3-4/7332286",
    "price": 5.99,
    "reference_price": 0.5,
    "iva": 21,
    "reference_unit": "1 U",
    "date": "2023-01-17"
  },
  {
    "id": 21393,
    "name": "Bañador Desechable Little Swimmers T 5-6 HUGGIES",
    "description": "Bañador Desechable Little Swimmers T 5-6 11 U",
    "category": "Bañadores",
    "url": "https://tienda.consum.es/es/p/banador-desechable-little-swimmers-t-5-6/7332294",
    "price": 5.99,
    "reference_price": 0.54,
    "iva": 21,
    "reference_unit": "1 U",
    "date": "2023-01-17"
  },
  {
    "id": 21395,
    "name": "Pimiento Confitado Tarro BEBE",
    "description": "Pimiento Confitado Tarro 230 Gr",
    "category": "Mermeladas y confituras",
    "url": "https://tienda.consum.es/es/p/pimiento-confitado-tarro/7333024",
    "price": 2.3,
    "reference_price": 10,
    "iva": 10,
    "reference_unit": "1 Kg",
    "date": "2023-01-17"
  },
  {
    "id": 21401,
    "name": "Pastillas Lavavajillas Todo en 1 35 + 13 FINISH",
    "description": "Pastillas Lavavajillas Todo en 1 35 + 13",
    "category": "Lavavajillas a máquina",
    "url": "https://tienda.consum.es/es/p/pastillas-lavavajillas-todo-en-1-35-13/7333185",
    "price": 14.49,
    "reference_price": 0.3,
    "iva": 21,
    "reference_unit": "1 Do",
    "date": "2023-01-17"
  },
  {
    "id": 21407,
    "name": "Crema Peinado Ondas PANTENE",
    "description": "Crema Peinado Ondas 270 ml",
    "category": "Cremas y aguas de peinado",
    "url": "https://tienda.consum.es/es/p/crema-peinado-ondas/7333537",
    "price": 4.99,
    "reference_price": 1.85,
    "iva": 21,
    "reference_unit": "100 ml",
    "date": "2023-01-17"
  },
  {
    "id": 21419,
    "name": "Vainilla 1 Vaina VAHINÉ",
    "description": "Vainilla 1 Vaina 2 Gr",
    "category": "Repostería para preparar",
    "url": "https://tienda.consum.es/es/p/vainilla-1-vaina/7333755",
    "price": 4.29,
    "reference_price": 214.5,
    "iva": 10,
    "reference_unit": "100 Gr",
    "date": "2023-01-17"
  },
  {
    "id": 21425,
    "name": "Velitas Smiley VAHINE",
    "description": "Velitas Smiley 27 Gr",
    "category": "Repostería para preparar",
    "url": "https://tienda.consum.es/es/p/velitas-smiley/7333800",
    "price": 2.95,
    "reference_price": 10.93,
    "iva": 21,
    "reference_unit": "100 Gr",
    "date": "2023-01-17"
  },
  {
    "id": 21426,
    "name": "Vainilla Polvo Azucarado VAHINE",
    "description": "Vainilla Polvo Azucarado 7 Gr",
    "category": "Repostería para preparar",
    "url": "https://tienda.consum.es/es/p/vainilla-polvo-azucarado/7333813",
    "price": 4.89,
    "reference_price": 69.86,
    "iva": 10,
    "reference_unit": "100 Gr",
    "date": "2023-01-17"
  },
  {
    "id": 21433,
    "name": "Camembert Empanado COBURGER",
    "description": "Camembert Empanado 350 Gr",
    "category": "Brie, camembert y cremosos",
    "url": "https://tienda.consum.es/es/p/camembert-empanado/7334345",
    "price": 3.45,
    "reference_price": 9.86,
    "iva": 0,
    "reference_unit": "1 Kg",
    "date": "2023-01-17"
  },
  {
    "id": 21435,
    "name": "YoPro Drinks Fresa y Frambuesa DANONE",
    "description": "YoPro Drinks Fresa y Frambuesa 300 ml",
    "category": "Yogures especial salud",
    "url": "https://tienda.consum.es/es/p/yopro-drinks-fresa-y-frambuesa/7334394",
    "price": 2.49,
    "reference_price": 8.3,
    "iva": 10,
    "reference_unit": "1 L",
    "date": "2023-01-17"
  },
  {
    "id": 21438,
    "name": "Lionesas Surtidas 10 Unidades ",
    "description": "Lionesas Surtidas 10 Unidades 250 Gr",
    "category": "Repostería ",
    "url": "https://tienda.consum.es/es/p/lionesas-surtidas-10-unidades/7334472",
    "price": 4.99,
    "reference_price": 19.96,
    "iva": 10,
    "reference_unit": "1 Kg",
    "date": "2023-01-17"
  },
  {
    "id": 21443,
    "name": "Caretas de Cerdo ",
    "description": "Caretas de Cerdo",
    "category": "Cerdo",
    "url": "https://tienda.consum.es/es/p/caretas-de-cerdo/100032",
    "price": 9.48,
    "reference_price": 5.69,
    "iva": 10,
    "reference_unit": "1 Kg",
    "date": "2023-01-17"
  },
  {
    "id": 21444,
    "name": "Rabos de Cerdo ",
    "description": "Rabos de Cerdo",
    "category": "Cerdo",
    "url": "https://tienda.consum.es/es/p/rabos-de-cerdo/100040",
    "price": 2.6,
    "reference_price": 5.19,
    "iva": 10,
    "reference_unit": "1 Kg",
    "date": "2023-01-17"
  },
  {
    "id": 21445,
    "name": "Papada de Cerdo ",
    "description": "Papada de Cerdo",
    "category": "Cerdo",
    "url": "https://tienda.consum.es/es/p/papada-de-cerdo/100206",
    "price": 0.49,
    "reference_price": 5.49,
    "iva": 10,
    "reference_unit": "1 Kg",
    "date": "2023-01-17"
  },
  {
    "id": 21446,
    "name": "Patas de cerdo ",
    "description": "Patas de cerdo",
    "category": "Cerdo",
    "url": "https://tienda.consum.es/es/p/patas-de-cerdo/100214",
    "price": 2.08,
    "reference_price": 5.2,
    "iva": 10,
    "reference_unit": "1 Kg",
    "date": "2023-01-17"
  },
  {
    "id": 21447,
    "name": "Tocino Blanco de Cerdo ",
    "description": "Tocino Blanco de Cerdo",
    "category": "Cerdo",
    "url": "https://tienda.consum.es/es/p/tocino-blanco-de-cerdo/100255",
    "price": 4.5,
    "reference_price": 4.5,
    "iva": 10,
    "reference_unit": "1 Kg",
    "date": "2023-01-17"
  },
  {
    "id": 21450,
    "name": "Cordero al Tajo ",
    "description": "Cordero al Tajo",
    "category": "Cordero",
    "url": "https://tienda.consum.es/es/p/cordero-al-tajo/107144",
    "price": 14.95,
    "reference_price": 14.95,
    "iva": 10,
    "reference_unit": "1 Kg",
    "date": "2023-01-17"
  },
  {
    "id": 21451,
    "name": "Morralla Lonjas de la Comunidad ",
    "description": "Morralla Lonjas de la Comunidad - Todos los días excepto Lunes",
    "category": "Pescadería",
    "url": "https://tienda.consum.es/es/p/morralla-lonjas-de-la-comunidad/222695",
    "price": 6.95,
    "reference_price": 6.95,
    "iva": 10,
    "reference_unit": "1 Kg",
    "date": "2023-01-17"
  },
  {
    "id": 21454,
    "name": "Carrillada de Cerdo con Hueso ",
    "description": "Carrillada de Cerdo con Hueso",
    "category": "Cerdo",
    "url": "https://tienda.consum.es/es/p/carrillada-de-cerdo-con-hueso/923300",
    "price": 2.7,
    "reference_price": 8.99,
    "iva": 10,
    "reference_unit": "1 Kg",
    "date": "2023-01-17"
  },
  {
    "id": 21457,
    "name": "Espinazo de Cerdo ",
    "description": "Espinazo de Cerdo",
    "category": "Cerdo",
    "url": "https://tienda.consum.es/es/p/espinazo-de-cerdo/927772",
    "price": 0.65,
    "reference_price": 4.3,
    "iva": 10,
    "reference_unit": "1 Kg",
    "date": "2023-01-17"
  },
  {
    "id": 21458,
    "name": "Magro de Jamón ",
    "description": "Magro de Jamón",
    "category": "Cerdo",
    "url": "https://tienda.consum.es/es/p/magro-de-jamon/993555",
    "price": 0.57,
    "reference_price": 6.35,
    "iva": 10,
    "reference_unit": "1 Kg",
    "date": "2023-01-17"
  },
  {
    "id": 21459,
    "name": "Estofado de Cerdo ",
    "description": "Estofado de Cerdo",
    "category": "Cerdo",
    "url": "https://tienda.consum.es/es/p/estofado-de-cerdo/993589",
    "price": 5.89,
    "reference_price": 5.89,
    "iva": 10,
    "reference_unit": "1 Kg",
    "date": "2023-01-17"
  },
  {
    "id": 21460,
    "name": "Rabo de Añojo opcional ",
    "description": "Rabo de Añojo opcional",
    "category": "Ternera y añojo",
    "url": "https://tienda.consum.es/es/p/rabo-de-anojo-opcional/1325711",
    "price": 13.95,
    "reference_price": 13.95,
    "iva": 10,
    "reference_unit": "1 Kg",
    "date": "2023-01-17"
  },
  {
    "id": 21463,
    "name": "Gallina ",
    "description": "Gallina",
    "category": "Aves y conejo",
    "url": "https://tienda.consum.es/es/p/gallina/3060845",
    "price": 1.47,
    "reference_price": 4.9,
    "iva": 10,
    "reference_unit": "1 Kg",
    "date": "2023-01-17"
  },
  {
    "id": 21478,
    "name": "Ternera Gallega para Guisar ",
    "description": "Ternera Gallega para Guisar",
    "category": "Ternera y añojo",
    "url": "https://tienda.consum.es/es/p/ternera-gallega-para-guisar/7238280",
    "price": 15.95,
    "reference_price": 15.95,
    "iva": 10,
    "reference_unit": "1 Kg",
    "date": "2023-01-17"
  },
  {
    "id": 21488,
    "name": "Refresco Naranja Lata CONSUM",
    "description": "Refresco Naranja Lata 0,33 L",
    "category": "Naranja",
    "url": "https://tienda.consum.es/es/p/refresco-naranja-lata/7315604",
    "price": 0.32,
    "reference_price": 0.97,
    "iva": 21,
    "reference_unit": "1 L",
    "date": "2023-01-17"
  },
  {
    "id": 21492,
    "name": "Agua Micelar Mini GARNIER",
    "description": "Agua Micelar Mini 1 U",
    "category": "Limpieza y desmaquilladores",
    "url": "https://tienda.consum.es/es/p/agua-micelar-mini/7317568",
    "price": 1.5,
    "reference_price": 1.5,
    "iva": 21,
    "reference_unit": "1 U",
    "date": "2023-01-17"
  },
  {
    "id": 21495,
    "name": "Longaniza Pascuera ",
    "description": "Longaniza Pascuera",
    "category": "Embutido",
    "url": "https://tienda.consum.es/es/p/longaniza-pascuera/7328214",
    "price": 0.62,
    "reference_price": 9.99,
    "iva": 10,
    "reference_unit": "1 Kg",
    "date": "2023-01-17"
  },
  {
    "id": 21507,
    "name": "Mantel Globos 120x180 cm GABBIANO",
    "description": "Mantel Globos 120x180 cm 1 U",
    "category": "Decoración y fiestas",
    "url": "https://tienda.consum.es/es/p/mantel-globos-120x180-cm/7333248",
    "price": 2.99,
    "reference_price": 2.99,
    "iva": 21,
    "reference_unit": "1 U",
    "date": "2023-01-17"
  },
  {
    "id": 21509,
    "name": "Mantel Cookies 120x180 cm GABBIANO",
    "description": "Mantel Cookies 120x180 cm 1 U",
    "category": "Decoración y fiestas",
    "url": "https://tienda.consum.es/es/p/mantel-cookies-120x180-cm/7333268",
    "price": 2.99,
    "reference_price": 2.99,
    "iva": 21,
    "reference_unit": "1 U",
    "date": "2023-01-17"
  },
  {
    "id": 21513,
    "name": "Globos Feliz Cumpleaños Paquete 10 Unidades GABBIANO",
    "description": "Globos Feliz Cumpleaños Paquete 10 Unidades 10 x 1 U",
    "category": "Decoración y fiestas",
    "url": "https://tienda.consum.es/es/p/globos-feliz-cumpleanos-paquete-10-unidades/7333383",
    "price": 2.49,
    "reference_price": 0.25,
    "iva": 21,
    "reference_unit": "1 U",
    "date": "2023-01-17"
  },
  {
    "id": 21514,
    "name": "Globos Amarillo Sonrisa Paquete 5 Unidades GABBIANO",
    "description": "Globos Amarillo Sonrisa Paquete 5 Unidades 5 x 1 U",
    "category": "Decoración y fiestas",
    "url": "https://tienda.consum.es/es/p/globos-amarillo-sonrisa-paquete-5-unidades/7333388",
    "price": 2.49,
    "reference_price": 0.5,
    "iva": 21,
    "reference_unit": "1 U",
    "date": "2023-01-17"
  },
  {
    "id": 21515,
    "name": "Globos Surtidos Paquete 15 Unidades GABBIANO",
    "description": "Globos Surtidos Paquete 15 Unidades 15 x 1 U",
    "category": "Decoración y fiestas",
    "url": "https://tienda.consum.es/es/p/globos-surtidos-paquete-15-unidades/7333396",
    "price": 2.49,
    "reference_price": 0.17,
    "iva": 21,
    "reference_unit": "1 U",
    "date": "2023-01-17"
  },
  {
    "id": 21516,
    "name": "Globos Moldeables Paquete 12 Unidades GABBIANO",
    "description": "Globos Moldeables Paquete 12 Unidades 12 x 1 U",
    "category": "Decoración y fiestas",
    "url": "https://tienda.consum.es/es/p/globos-moldeables-paquete-12-unidades/7333404",
    "price": 2.49,
    "reference_price": 0.21,
    "iva": 21,
    "reference_unit": "1 U",
    "date": "2023-01-17"
  },
  {
    "id": 21517,
    "name": "Globos con Bomba Paquete 8 Unidades GABBIANO",
    "description": "Globos con Bomba Paquete 8 Unidades 8 x 1 U",
    "category": "Decoración y fiestas",
    "url": "https://tienda.consum.es/es/p/globos-con-bomba-paquete-8-unidades/7333409",
    "price": 3.99,
    "reference_price": 0.5,
    "iva": 21,
    "reference_unit": "1 U",
    "date": "2023-01-17"
  },
  {
    "id": 21518,
    "name": "Espantasuegras Globos Paquete 4 Unidades GABBIANO",
    "description": "Espantasuegras Globos Paquete 4 Unidades 4 x 1 U",
    "category": "Decoración y fiestas",
    "url": "https://tienda.consum.es/es/p/espantasuegras-globos-paquete-4-unidades/7333412",
    "price": 2.19,
    "reference_price": 0.55,
    "iva": 21,
    "reference_unit": "1 U",
    "date": "2023-01-17"
  },
  {
    "id": 21519,
    "name": "Guirnalda Globos GABBIANO",
    "description": "Guirnalda Globos 1 U",
    "category": "Decoración y fiestas",
    "url": "https://tienda.consum.es/es/p/guirnalda-globos/7333420",
    "price": 3.99,
    "reference_price": 3.99,
    "iva": 21,
    "reference_unit": "1 U",
    "date": "2023-01-17"
  },
  {
    "id": 21521,
    "name": "Guirnalda Cookies GABBIANO",
    "description": "Guirnalda Cookies 1 U",
    "category": "Decoración y fiestas",
    "url": "https://tienda.consum.es/es/p/guirnalda-cookies/7333433",
    "price": 3.99,
    "reference_price": 3.99,
    "iva": 21,
    "reference_unit": "1 U",
    "date": "2023-01-17"
  },
  {
    "id": 21529,
    "name": "Mantel Amarillo 140x260 cm GABBIANO",
    "description": "Mantel Amarillo 140x260 cm 1 U",
    "category": "Decoración y fiestas",
    "url": "https://tienda.consum.es/es/p/mantel-amarillo-140x260-cm/7333503",
    "price": 2.99,
    "reference_price": 2.99,
    "iva": 21,
    "reference_unit": "1 U",
    "date": "2023-01-17"
  },
  {
    "id": 21534,
    "name": "Pechuga de Pollo Finas Lonchas B/G ELPOZO",
    "description": "Pechuga de Pollo Finas Lonchas B/G 85 Gr",
    "category": "Fiambres ave",
    "url": "https://tienda.consum.es/es/p/pechuga-de-pollo-finas-lonchas-b/g/7333826",
    "price": 1,
    "reference_price": 11.76,
    "iva": 10,
    "reference_unit": "1 Kg",
    "date": "2023-01-17"
  },
  {
    "id": 21537,
    "name": "Patas de Pollo Limpias CONSUM",
    "description": "Patas de Pollo Limpias",
    "category": "Aves y conejo",
    "url": "https://tienda.consum.es/es/p/patas-de-pollo-limpias/7334357",
    "price": 1.62,
    "reference_price": 4.05,
    "iva": 10,
    "reference_unit": "1 Kg",
    "date": "2023-01-17"
  },
  {
    "id": 21539,
    "name": "Plantilla Memory Talla 22-46 ACHUCHONAS",
    "description": "Plantilla Memory Talla 22-46 1 U",
    "category": "Limpieza calzado y accesorios",
    "url": "https://tienda.consum.es/es/p/plantilla-memory-talla-22-46/7334688",
    "price": 4.99,
    "reference_price": 4.99,
    "iva": 21,
    "reference_unit": "1 U",
    "date": "2023-01-17"
  },
  {
    "id": 21543,
    "name": "Sardina Ahumada BRUIMAR",
    "description": "Sardina Ahumada 80 Gr",
    "category": "Surimis y salazones",
    "url": "https://tienda.consum.es/es/p/sardina-ahumada/7334857",
    "price": 2.77,
    "reference_price": 34.63,
    "iva": 10,
    "reference_unit": "1 Kg",
    "date": "2023-01-17"
  },
  {
    "id": 21545,
    "name": "Desatascador Turbo en Gel para Tuberías WC NET",
    "description": "Desatascador Turbo en Gel para Tuberías 1 L",
    "category": "Limpieza hogar",
    "url": "https://tienda.consum.es/es/p/desatascador-turbo-en-gel-para-tuberias/7334944",
    "price": 6.99,
    "reference_price": 6.99,
    "iva": 21,
    "reference_unit": "1 L",
    "date": "2023-01-17"
  },
  {
    "id": 21562,
    "name": "Cubitera con Tapa Modelo Oslo HEGA",
    "description": "Cubitera con Tapa Modelo Oslo 1 U",
    "category": "Menaje cocina",
    "url": "https://tienda.consum.es/es/p/cubitera-con-tapa-modelo-oslo/7244122",
    "price": 1.99,
    "reference_price": 1.99,
    "iva": 21,
    "reference_unit": "1 U",
    "date": "2023-01-17"
  },
  {
    "id": 21567,
    "name": "Paño Especial Vajillas CONSUM",
    "description": "Paño Especial Vajillas 2 U",
    "category": "Accesorios y utensilios limpieza",
    "url": "https://tienda.consum.es/es/p/pano-especial-vajillas/7312531",
    "price": 2.5,
    "reference_price": 1.25,
    "iva": 21,
    "reference_unit": "1 U",
    "date": "2023-01-17"
  },
  {
    "id": 21570,
    "name": "Jabón Neutralizador Olores KYREY",
    "description": "Jabón Neutralizador Olores 500 ml",
    "category": "Gel de manos",
    "url": "https://tienda.consum.es/es/p/jabon-neutralizador-olores/7320690",
    "price": 1.5,
    "reference_price": 0.3,
    "iva": 21,
    "reference_unit": "100 ml",
    "date": "2023-01-17"
  },
  {
    "id": 21572,
    "name": "Dentífrico Sensibilidad y Encías SENSODYNE",
    "description": "Dentífrico Sensibilidad y Encías 75 ml",
    "category": "Dentífricos",
    "url": "https://tienda.consum.es/es/p/dentifrico-sensibilidad-y-encias/7324317",
    "price": 4.29,
    "reference_price": 5.72,
    "iva": 21,
    "reference_unit": "100 ml",
    "date": "2023-01-17"
  },
  {
    "id": 21573,
    "name": "Dentífrico Blanqueante Sensibilidad y Encias SENSODYNE",
    "description": "Dentífrico Blanqueante Sensibilidad y Encias 75 ml",
    "category": "Dentífricos",
    "url": "https://tienda.consum.es/es/p/dentifrico-blanqueante-sensibilidad-y-encias/7324320",
    "price": 4.29,
    "reference_price": 5.72,
    "iva": 21,
    "reference_unit": "100 ml",
    "date": "2023-01-17"
  },
  {
    "id": 21575,
    "name": "Leche Desnatada Ecológica CONSUM ECO",
    "description": "Leche Desnatada Ecológica 1 L",
    "category": "Leches especiales",
    "url": "https://tienda.consum.es/es/p/leche-desnatada-ecologica/7327349",
    "price": 1.23,
    "reference_price": 1.23,
    "iva": 0,
    "reference_unit": "1 L",
    "date": "2023-01-17"
  },
  {
    "id": 21579,
    "name": "Mermelada Melocotón de Temporada HERO",
    "description": "Mermelada Melocotón de Temporada 350 Gr",
    "category": "Mermeladas y confituras",
    "url": "https://tienda.consum.es/es/p/mermelada-melocoton-de-temporada/7332971",
    "price": 2.19,
    "reference_price": 6.26,
    "iva": 10,
    "reference_unit": "1 Kg",
    "date": "2023-01-17"
  },
  {
    "id": 21583,
    "name": "Pavo Trufado Bi Pack SERRANO",
    "description": "Pavo Trufado Bi Pack 2 x 60 Gr",
    "category": "Otros cocidos",
    "url": "https://tienda.consum.es/es/p/pavo-trufado-bi-pack/7333479",
    "price": 1.59,
    "reference_price": 13.25,
    "iva": 10,
    "reference_unit": "1 Kg",
    "date": "2023-01-17"
  },
  {
    "id": 21584,
    "name": "Galleta Digestive Finas Chocolate Negro FONTANEDA",
    "description": "Galleta Digestive Finas Chocolate Negro 170 Gr",
    "category": "Galletas de chocolate",
    "url": "https://tienda.consum.es/es/p/galleta-digestive-finas-chocolate-negro/7333586",
    "price": 2.25,
    "reference_price": 13.24,
    "iva": 10,
    "reference_unit": "1 Kg",
    "date": "2023-01-17"
  },
  {
    "id": 21590,
    "name": "Parches Puntos Negros al Carbón ACTY MASK",
    "description": "Parches Puntos Negros al Carbón 8 U",
    "category": "Limpieza y desmaquilladores",
    "url": "https://tienda.consum.es/es/p/parches-puntos-negros-al-carbon/7334493",
    "price": 3.85,
    "reference_price": 0.48,
    "iva": 21,
    "reference_unit": "1 U",
    "date": "2023-01-17"
  },
  {
    "id": 21602,
    "name": "Hummus Original LA PIARA",
    "description": "Hummus Original 200 Gr",
    "category": "Patés y untables",
    "url": "https://tienda.consum.es/es/p/hummus-original/7335722",
    "price": 3.19,
    "reference_price": 15.95,
    "iva": 10,
    "reference_unit": "1 Kg",
    "date": "2023-01-17"
  },
  {
    "id": 21603,
    "name": "Penne Integral Paquete BARILLA",
    "description": "Penne Integral Paquete 500 Gr",
    "category": "Macarrones, espaguetis y tallarines",
    "url": "https://tienda.consum.es/es/p/penne-integral-paquete/7335755",
    "price": 2.09,
    "reference_price": 4.18,
    "iva": 5,
    "reference_unit": "1 Kg",
    "date": "2023-01-17"
  },
  {
    "id": 21605,
    "name": "Estropajo con Esponja no Raya Universal S.BRITE",
    "description": "Estropajo con Esponja no Raya Universal 1 U",
    "category": "Estropajos",
    "url": "https://tienda.consum.es/es/p/estropajo-con-esponja-no-raya-universal/7335805",
    "price": 1.65,
    "reference_price": 1.65,
    "iva": 21,
    "reference_unit": "1 U",
    "date": "2023-01-17"
  },
  {
    "id": 21606,
    "name": "Limpiador Desinfectante LAS 3 BRUJAS",
    "description": "Limpiador Desinfectante 1 L",
    "category": "Limpieza hogar",
    "url": "https://tienda.consum.es/es/p/limpiador-desinfectante/7335821",
    "price": 3.15,
    "reference_price": 3.15,
    "iva": 21,
    "reference_unit": "1 L",
    "date": "2023-01-17"
  },
  {
    "id": 21608,
    "name": "Jamón Cocido Lonchas Reducido en Sal ARGAL",
    "description": "Jamón Cocido Lonchas Reducido en Sal 100 Gr",
    "category": "Jamón cocido - york",
    "url": "https://tienda.consum.es/es/p/jamon-cocido-lonchas-reducido-en-sal/7335834",
    "price": 2.49,
    "reference_price": 24.9,
    "iva": 10,
    "reference_unit": "1 Kg",
    "date": "2023-01-17"
  },
  {
    "id": 21613,
    "name": "Pechuga de Pollo al Natural Pack de 2 ALDELIS",
    "description": "Pechuga de Pollo al Natural Pack de 2 2 x 52 Gr",
    "category": "Conservas",
    "url": "https://tienda.consum.es/es/p/pechuga-de-pollo-al-natural-pack-de-2/7336006",
    "price": 1.99,
    "reference_price": 19.13,
    "iva": 10,
    "reference_unit": "1 Kg",
    "date": "2023-01-17"
  },
  {
    "id": 21616,
    "name": "Frijoles Negros Guisados Bote GOYA",
    "description": "Frijoles Negros Guisados Bote 425 Gr",
    "category": "Despensa",
    "url": "https://tienda.consum.es/es/p/frijoles-negros-guisados-bote/7336159",
    "price": 2.29,
    "reference_price": 5.39,
    "iva": 10,
    "reference_unit": "1 Kg",
    "date": "2023-01-17"
  },
  {
    "id": 21617,
    "name": "Lonchas Veganas Sabor Original VIOLIFE",
    "description": "Lonchas Veganas Sabor Original 200 Gr",
    "category": "Barra y otros nacionales",
    "url": "https://tienda.consum.es/es/p/lonchas-veganas-sabor-original/7336266",
    "price": 3.49,
    "reference_price": 17.45,
    "iva": 10,
    "reference_unit": "1 Kg",
    "date": "2023-01-17"
  },
  {
    "id": 21618,
    "name": "Bebida de Arroz Ecológico Brik YOSOY",
    "description": "Bebida de Arroz Ecológico Brik 1 L",
    "category": "Bebidas vegetales",
    "url": "https://tienda.consum.es/es/p/bebida-de-arroz-ecologico-brik/7336274",
    "price": 1.99,
    "reference_price": 1.99,
    "iva": 10,
    "reference_unit": "1 L",
    "date": "2023-01-17"
  },
  {
    "id": 21622,
    "name": "Coca Casera de Chocolate con Leche ",
    "description": "Coca Casera de Chocolate con Leche 400 Gr",
    "category": "Cocas y bizcochos",
    "url": "https://tienda.consum.es/es/p/coca-casera-de-chocolate-con-leche/7336626",
    "price": 2.49,
    "reference_price": 6.23,
    "iva": 10,
    "reference_unit": "1 Kg",
    "date": "2023-01-17"
  },
  {
    "id": 21624,
    "name": "Mojama Extra ANGOMAR",
    "description": "Mojama Extra",
    "category": "Salazones y marinados",
    "url": "https://tienda.consum.es/es/p/mojama-extra/3085552",
    "price": 62.9,
    "reference_price": 62.9,
    "iva": 10,
    "reference_unit": "1 Kg",
    "date": "2023-01-17"
  },
  {
    "id": 21662,
    "name": "Salsa Hoisin Frasco BLUE DRAGON",
    "description": "Salsa Hoisin Frasco 150 ml",
    "category": "Otras salsas",
    "url": "https://tienda.consum.es/es/p/salsa-hoisin-frasco/7334951",
    "price": 2.95,
    "reference_price": 19.67,
    "iva": 10,
    "reference_unit": "1 L",
    "date": "2023-01-17"
  },
  {
    "id": 21666,
    "name": "Escoba Antichoque Expert SPONTEX",
    "description": "Escoba Antichoque Expert 1 U",
    "category": "Escoba y recogedor",
    "url": "https://tienda.consum.es/es/p/escoba-antichoque-expert/7335615",
    "price": 4.29,
    "reference_price": 4.29,
    "iva": 21,
    "reference_unit": "1 U",
    "date": "2023-01-17"
  },
  {
    "id": 21667,
    "name": "Almeja Blanca al Natural GALICA",
    "description": "Almeja Blanca al Natural 63 Gr",
    "category": "Almejas, berberechos y navajas",
    "url": "https://tienda.consum.es/es/p/almeja-blanca-al-natural/7335743",
    "price": 2.99,
    "reference_price": 47.46,
    "iva": 10,
    "reference_unit": "1 Kg",
    "date": "2023-01-17"
  },
  {
    "id": 21675,
    "name": "Salsa Jalfrezi Frasco PATAKS",
    "description": "Salsa Jalfrezi Frasco 450 Gr",
    "category": "Otras salsas",
    "url": "https://tienda.consum.es/es/p/salsa-jalfrezi-frasco/7336191",
    "price": 3.65,
    "reference_price": 8.11,
    "iva": 10,
    "reference_unit": "1 Kg",
    "date": "2023-01-17"
  },
  {
    "id": 21677,
    "name": "Bebida de Avena Chocolate Brik YOSOY",
    "description": "Bebida de Avena Chocolate Brik 1 L",
    "category": "Batidos y cafés",
    "url": "https://tienda.consum.es/es/p/bebida-de-avena-chocolate-brik/7336279",
    "price": 2.1,
    "reference_price": 2.1,
    "iva": 10,
    "reference_unit": "1 L",
    "date": "2023-01-17"
  },
  {
    "id": 21678,
    "name": "Crema de Cacao Original NOCILLA",
    "description": "Crema de Cacao Original 715 Gr",
    "category": "Cremas de desayuno",
    "url": "https://tienda.consum.es/es/p/crema-de-cacao-original/7336311",
    "price": 5.49,
    "reference_price": 7.68,
    "iva": 10,
    "reference_unit": "1 Kg",
    "date": "2023-01-17"
  },
  {
    "id": 21680,
    "name": "Maíz Mistercorn Maxi Ahorro Bolsa MISTERCORN",
    "description": "Maíz Mistercorn Maxi Ahorro Bolsa 285 Gr",
    "category": "Maíz tostado y cocktail",
    "url": "https://tienda.consum.es/es/p/maiz-mistercorn-maxi-ahorro-bolsa/7336402",
    "price": 2.85,
    "reference_price": 10,
    "iva": 10,
    "reference_unit": "1 Kg",
    "date": "2023-01-17"
  },
  {
    "id": 21681,
    "name": "Masa de Hojaldre sin Gluten CERELIA",
    "description": "Masa de Hojaldre sin Gluten 280 Gr",
    "category": "Refrigeradas",
    "url": "https://tienda.consum.es/es/p/masa-de-hojaldre-sin-gluten/7336428",
    "price": 2.8,
    "reference_price": 10,
    "iva": 10,
    "reference_unit": "1 Kg",
    "date": "2023-01-17"
  },
  {
    "id": 21682,
    "name": "Galleta María Chocolate RIO",
    "description": "Galleta María Chocolate 265 Gr",
    "category": "Desayuno y maría",
    "url": "https://tienda.consum.es/es/p/galleta-maria-chocolate/7336527",
    "price": 1,
    "reference_price": 3.77,
    "iva": 10,
    "reference_unit": "1 Kg",
    "date": "2023-01-17"
  },
  {
    "id": 21684,
    "name": "Plantilla Gel Dual Talla 37-42 ACHUCHONAS",
    "description": "Plantilla Gel Dual Talla 37-42 1 U",
    "category": "Limpieza calzado y accesorios",
    "url": "https://tienda.consum.es/es/p/plantilla-gel-dual-talla-37-42/7336568",
    "price": 3.99,
    "reference_price": 3.99,
    "iva": 21,
    "reference_unit": "1 U",
    "date": "2023-01-17"
  },
  {
    "id": 21685,
    "name": "Aperitivo Fiero MARTINI",
    "description": "Aperitivo Fiero 0,75 L",
    "category": "Licores y vermouth",
    "url": "https://tienda.consum.es/es/p/aperitivo-fiero/7336576",
    "price": 9.99,
    "reference_price": 13.32,
    "iva": 21,
    "reference_unit": "1 L",
    "date": "2023-01-17"
  },
  {
    "id": 21687,
    "name": "Vermouth Rosso Pack Mini MARTINI",
    "description": "Vermouth Rosso Pack Mini 4 x 0,06 L",
    "category": "Licores y vermouth",
    "url": "https://tienda.consum.es/es/p/vermouth-rosso-pack-mini/7336683",
    "price": 2.95,
    "reference_price": 12.29,
    "iva": 21,
    "reference_unit": "1 L",
    "date": "2023-01-17"
  },
  {
    "id": 21693,
    "name": "Cerveza IPA Lata 5 Estrelllas MAHOU",
    "description": "Cerveza IPA Lata 5 Estrelllas 0,33 L",
    "category": "Especialidades",
    "url": "https://tienda.consum.es/es/p/cerveza-ipa-lata-5-estrelllas/7336832",
    "price": 1.15,
    "reference_price": 3.48,
    "iva": 21,
    "reference_unit": "1 L",
    "date": "2023-01-17"
  },
  {
    "id": 21698,
    "name": "Ensalada Cesar American Style FLORETTE",
    "description": "Ensalada Cesar American Style 200 Gr",
    "category": "Ensaladas preparadas y guacamole",
    "url": "https://tienda.consum.es/es/p/ensalada-cesar-american-style/7337058",
    "price": 3.3,
    "reference_price": 16.5,
    "iva": 10,
    "reference_unit": "1 Kg",
    "date": "2023-01-17"
  },
  {
    "id": 21725,
    "name": "Refresco Naranja Botella CONSUM",
    "description": "Refresco Naranja Botella 2 L",
    "category": "Naranja",
    "url": "https://tienda.consum.es/es/p/refresco-naranja-botella/7315562",
    "price": 0.95,
    "reference_price": 0.48,
    "iva": 21,
    "reference_unit": "1 L",
    "date": "2023-01-17"
  },
  {
    "id": 21729,
    "name": "Brócoli Natural Frasco CONSUM",
    "description": "Brócoli Natural Frasco 370 Gr",
    "category": "Conservas, aceites y condimentos",
    "url": "https://tienda.consum.es/es/p/brocoli-natural-frasco/7330884",
    "price": 1.49,
    "reference_price": 4.03,
    "iva": 10,
    "reference_unit": "1 Kg",
    "date": "2023-01-17"
  },
  {
    "id": 21731,
    "name": "Café Espresso Refrigerado CONSUM",
    "description": "Café Espresso Refrigerado 250 ml",
    "category": "Batidos y cafés",
    "url": "https://tienda.consum.es/es/p/cafe-espresso-refrigerado/7331242",
    "price": 0.8,
    "reference_price": 3.2,
    "iva": 10,
    "reference_unit": "1 L",
    "date": "2023-01-17"
  },
  {
    "id": 21733,
    "name": "Galleta Digestive Finas Chocolate con Leche FONTANEDA",
    "description": "Galleta Digestive Finas Chocolate con Leche 170 Gr",
    "category": "Galletas de chocolate",
    "url": "https://tienda.consum.es/es/p/galleta-digestive-finas-chocolate-con-leche/7333594",
    "price": 2.25,
    "reference_price": 13.24,
    "iva": 10,
    "reference_unit": "1 Kg",
    "date": "2023-01-17"
  },
  {
    "id": 21740,
    "name": "Cerveza 0,0% Tostada Lata AMSTEL ORO",
    "description": "Cerveza 0,0% Tostada Lata 0,33 L",
    "category": "0, 0 y 0, 9",
    "url": "https://tienda.consum.es/es/p/cerveza-00-tostada-lata/7336063",
    "price": 0.69,
    "reference_price": 2.09,
    "iva": 21,
    "reference_unit": "1 L",
    "date": "2023-01-17"
  },
  {
    "id": 21746,
    "name": "Miel Cruda de Romero Tarro R.APICOLA",
    "description": "Miel Cruda de Romero Tarro 500 Gr",
    "category": "Miel",
    "url": "https://tienda.consum.es/es/p/miel-cruda-de-romero-tarro/7336287",
    "price": 5.49,
    "reference_price": 10.98,
    "iva": 10,
    "reference_unit": "1 Kg",
    "date": "2023-01-17"
  },
  {
    "id": 21749,
    "name": "Cacao Soluble Noir COLA CAO",
    "description": "Cacao Soluble Noir 300 Gr",
    "category": "Cacao soluble",
    "url": "https://tienda.consum.es/es/p/cacao-soluble-noir/7336308",
    "price": 3.79,
    "reference_price": 12.63,
    "iva": 10,
    "reference_unit": "1 Kg",
    "date": "2023-01-17"
  },
  {
    "id": 21750,
    "name": "Crema de Cacao Chocoleche NOCILLA",
    "description": "Crema de Cacao Chocoleche 715 Gr",
    "category": "Cremas de desayuno",
    "url": "https://tienda.consum.es/es/p/crema-de-cacao-chocoleche/7336316",
    "price": 5.49,
    "reference_price": 7.68,
    "iva": 10,
    "reference_unit": "1 Kg",
    "date": "2023-01-17"
  },
  {
    "id": 21758,
    "name": "Ampollas Revitalift Filler L'OREAL",
    "description": "Ampollas Revitalift Filler 7 U",
    "category": "Tratamiento",
    "url": "https://tienda.consum.es/es/p/ampollas-revitalift-filler/7336746",
    "price": 13.9,
    "reference_price": 1.99,
    "iva": 21,
    "reference_unit": "1 U",
    "date": "2023-01-17"
  },
  {
    "id": 21759,
    "name": "Crema Revitalift Ginseng Rojo L'OREAL",
    "description": "Crema Revitalift Ginseng Rojo 50 ml",
    "category": "Hidratación",
    "url": "https://tienda.consum.es/es/p/crema-revitalift-ginseng-rojo/7336753",
    "price": 9.99,
    "reference_price": 19.98,
    "iva": 21,
    "reference_unit": "100 ml",
    "date": "2023-01-17"
  },
  {
    "id": 21768,
    "name": "Lejía con Detergente CONSUM",
    "description": "Lejía con Detergente 2 L",
    "category": "Lejía con detergente",
    "url": "https://tienda.consum.es/es/p/lejia-con-detergente/7328321",
    "price": 1.15,
    "reference_price": 0.58,
    "iva": 21,
    "reference_unit": "1 L",
    "date": "2023-01-17"
  },
  {
    "id": 21769,
    "name": "Lejía Lavadora Densa CONSUM",
    "description": "Lejía Lavadora Densa 2 L",
    "category": "Aditivos y complementos",
    "url": "https://tienda.consum.es/es/p/lejia-lavadora-densa/7328326",
    "price": 1.25,
    "reference_price": 0.63,
    "iva": 21,
    "reference_unit": "1 L",
    "date": "2023-01-17"
  },
  {
    "id": 21770,
    "name": "Lejía Multiusos CONSUM",
    "description": "Lejía Multiusos 2 L",
    "category": "Lejía normal y multiusos",
    "url": "https://tienda.consum.es/es/p/lejia-multiusos/7328334",
    "price": 0.8,
    "reference_price": 0.4,
    "iva": 21,
    "reference_unit": "1 L",
    "date": "2023-01-17"
  },
  {
    "id": 21771,
    "name": "Lejía Lavadora Densa CONSUM",
    "description": "Lejía Lavadora Densa 5 L",
    "category": "Aditivos y complementos",
    "url": "https://tienda.consum.es/es/p/lejia-lavadora-densa/7328339",
    "price": 2.69,
    "reference_price": 0.54,
    "iva": 21,
    "reference_unit": "1 L",
    "date": "2023-01-17"
  },
  {
    "id": 21772,
    "name": "Lejía Multiusos CONSUM",
    "description": "Lejía Multiusos 5 L",
    "category": "Lejía normal y multiusos",
    "url": "https://tienda.consum.es/es/p/lejia-multiusos/7328342",
    "price": 1.59,
    "reference_price": 0.32,
    "iva": 21,
    "reference_unit": "1 L",
    "date": "2023-01-17"
  },
  {
    "id": 21773,
    "name": "Jabón de Manos Líquido Dermo KYREY",
    "description": "Jabón de Manos Líquido Dermo 500 ml",
    "category": "Gel de manos",
    "url": "https://tienda.consum.es/es/p/jabon-de-manos-liquido-dermo/7318785",
    "price": 0.8,
    "reference_price": 0.16,
    "iva": 21,
    "reference_unit": "100 ml",
    "date": "2023-01-17"
  },
  {
    "id": 21774,
    "name": "Champiñones Laminados Pack de 3 CONSUM",
    "description": "Champiñones Laminados Pack de 3 3 x 105 Gr",
    "category": "Setas y champiñones",
    "url": "https://tienda.consum.es/es/p/champinones-laminados-pack-de-3/7327307",
    "price": 1.99,
    "reference_price": 6.32,
    "iva": 10,
    "reference_unit": "1 Kg",
    "date": "2023-01-17"
  },
  {
    "id": 21782,
    "name": "Mejillón Escabeche Gallego 6/8 Piezas GALICA",
    "description": "Mejillón Escabeche Gallego 6/8 Piezas 69 Gr",
    "category": "Mejillones",
    "url": "https://tienda.consum.es/es/p/mejillon-escabeche-gallego-6/8-piezas/7335735",
    "price": 5.39,
    "reference_price": 78.12,
    "iva": 10,
    "reference_unit": "1 Kg",
    "date": "2023-01-17"
  },
  {
    "id": 21783,
    "name": "Bol Ventosa Color TIGEX",
    "description": "Bol Ventosa Color 1 U",
    "category": "Puericultura",
    "url": "https://tienda.consum.es/es/p/bol-ventosa-color/7336105",
    "price": 6.29,
    "reference_price": 6.29,
    "iva": 21,
    "reference_unit": "1 U",
    "date": "2023-01-17"
  },
  {
    "id": 21784,
    "name": "Lomo Embuchado 2 Unidades BOADAS",
    "description": "Lomo Embuchado 2 Unidades 2 x 50 Gr",
    "category": "Otros curados",
    "url": "https://tienda.consum.es/es/p/lomo-embuchado-2-unidades/7336183",
    "price": 2.19,
    "reference_price": 21.9,
    "iva": 10,
    "reference_unit": "1 Kg",
    "date": "2023-01-17"
  },
  {
    "id": 21785,
    "name": "Cabecero de Lomo 2 Unidades BOADAS",
    "description": "Cabecero de Lomo 2 Unidades 2 x 50 Gr",
    "category": "Ibéricos",
    "url": "https://tienda.consum.es/es/p/cabecero-de-lomo-2-unidades/7336188",
    "price": 1.99,
    "reference_price": 19.9,
    "iva": 10,
    "reference_unit": "1 Kg",
    "date": "2023-01-17"
  },
  {
    "id": 21786,
    "name": "Rallado Vegano Estilo Mozzarella VIOLIFE",
    "description": "Rallado Vegano Estilo Mozzarella 200 Gr",
    "category": "Quesos Rallados",
    "url": "https://tienda.consum.es/es/p/rallado-vegano-estilo-mozzarella/7336337",
    "price": 3.49,
    "reference_price": 17.45,
    "iva": 10,
    "reference_unit": "1 Kg",
    "date": "2023-01-17"
  },
  {
    "id": 21788,
    "name": "Vino Blanco Sauvignon D.O.Valencia CON UN PAR",
    "description": "Vino Blanco Sauvignon D.O.Valencia 0,75 L",
    "category": "Vinos d.o",
    "url": "https://tienda.consum.es/es/p/vino-blanco-sauvignon-dovalencia/7336837",
    "price": 5.99,
    "reference_price": 7.99,
    "iva": 21,
    "reference_unit": "1 L",
    "date": "2023-01-17"
  },
  {
    "id": 21789,
    "name": "Cracker Naturales RECONDO",
    "description": "Cracker Naturales 250 Gr",
    "category": "Tostadas y minibiscotes",
    "url": "https://tienda.consum.es/es/p/cracker-naturales/7336840",
    "price": 2.29,
    "reference_price": 9.16,
    "iva": 10,
    "reference_unit": "1 Kg",
    "date": "2023-01-17"
  },
  {
    "id": 21793,
    "name": "Tarrito Solo Patatas Zanahoria y Salmón HERO",
    "description": "Tarrito Solo Patatas Zanahoria y Salmón 190 Gr",
    "category": "Alimentación infantil",
    "url": "https://tienda.consum.es/es/p/tarrito-solo-patatas-zanahoria-y-salmon/7337033",
    "price": 1.95,
    "reference_price": 10.26,
    "iva": 10,
    "reference_unit": "1 Kg",
    "date": "2023-01-17"
  },
  {
    "id": 21798,
    "name": "Ginebra Pure Dry 38",
    "description": "Ginebra Pure Dry 0,7 L",
    "category": "Licores y vermouth",
    "url": "https://tienda.consum.es/es/p/ginebra-pure-dry/7337207",
    "price": 5.29,
    "reference_price": 7.56,
    "iva": 21,
    "reference_unit": "1 L",
    "date": "2023-01-17"
  },
  {
    "id": 21801,
    "name": "Kebab Loncheado Pollo congelado OZ QUEBAB",
    "description": "Kebab Loncheado Pollo congelado 250 Gr",
    "category": "Carne, verduras y otros",
    "url": "https://tienda.consum.es/es/p/kebab-loncheado-pollo-congelado/7337280",
    "price": 3.99,
    "reference_price": 15.96,
    "iva": 10,
    "reference_unit": "1 Kg",
    "date": "2023-01-17"
  },
  {
    "id": 21803,
    "name": "Limpiador Antimoho y Manchas Humedad SANICENTRO",
    "description": "Limpiador Antimoho y Manchas Humedad 750 ml",
    "category": "Limpieza baños",
    "url": "https://tienda.consum.es/es/p/limpiador-antimoho-y-manchas-humedad/7337314",
    "price": 2.99,
    "reference_price": 3.99,
    "iva": 21,
    "reference_unit": "1 L",
    "date": "2023-01-17"
  },
  {
    "id": 21809,
    "name": "Limpiador Desinfectante Para Baños SANYTOL",
    "description": "Limpiador Desinfectante Para Baños 0,75 L",
    "category": "Limpieza baños",
    "url": "https://tienda.consum.es/es/p/limpiador-desinfectante-para-banos/7337553",
    "price": 3.25,
    "reference_price": 4.33,
    "iva": 21,
    "reference_unit": "1 L",
    "date": "2023-01-17"
  },
  {
    "id": 21810,
    "name": "Aceite de Sésamo Bote BLUE DRAGON",
    "description": "Aceite de Sésamo Bote 150 ml",
    "category": "Despensa",
    "url": "https://tienda.consum.es/es/p/aceite-de-sesamo-bote/7337558",
    "price": 3.96,
    "reference_price": 26.4,
    "iva": 5,
    "reference_unit": "1 L",
    "date": "2023-01-17"
  },
  {
    "id": 21811,
    "name": "Jabón Pastilla LAGARTO",
    "description": "Jabón Pastilla 3 U",
    "category": "Máquina pastilla",
    "url": "https://tienda.consum.es/es/p/jabon-pastilla/7337603",
    "price": 2.95,
    "reference_price": 0.98,
    "iva": 21,
    "reference_unit": "1 U",
    "date": "2023-01-17"
  },
  {
    "id": 21820,
    "name": "Funda de Planchar Fucsi de 47x130 cm RAYEN",
    "description": "Funda de Planchar Fucsi de 47x130 cm 1 U",
    "category": "Productos planchado",
    "url": "https://tienda.consum.es/es/p/funda-de-planchar-fucsi-de-47x130-cm/7336464",
    "price": 9.89,
    "reference_price": 9.89,
    "iva": 21,
    "reference_unit": "1 U",
    "date": "2023-01-17"
  },
  {
    "id": 21821,
    "name": "Funda de Planchar Gris de 47x130 cm RAYEN",
    "description": "Funda de Planchar Gris de 47x130 cm 1 U",
    "category": "Productos planchado",
    "url": "https://tienda.consum.es/es/p/funda-de-planchar-gris-de-47x130-cm/7336469",
    "price": 14.9,
    "reference_price": 14.9,
    "iva": 21,
    "reference_unit": "1 U",
    "date": "2023-01-17"
  },
  {
    "id": 21822,
    "name": "Gel Hidratación Profunda DOVE",
    "description": "Gel Hidratación Profunda 400 ml",
    "category": "Gel y champú",
    "url": "https://tienda.consum.es/es/p/gel-hidratacion-profunda/7336535",
    "price": 2.99,
    "reference_price": 0.75,
    "iva": 21,
    "reference_unit": "100 ml",
    "date": "2023-01-17"
  },
  {
    "id": 21823,
    "name": "Loción Hidratante DOVE",
    "description": "Loción Hidratante 400 ml",
    "category": "Cremas, lociones y colonia",
    "url": "https://tienda.consum.es/es/p/locion-hidratante/7336543",
    "price": 3.49,
    "reference_price": 0.87,
    "iva": 21,
    "reference_unit": "100 ml",
    "date": "2023-01-17"
  },
  {
    "id": 21829,
    "name": "Ambientador Eléctrico Relax Zen Aparato+Rec GLADE",
    "description": "Ambientador Eléctrico Relax Zen Aparato+Rec 1 U",
    "category": "Eléctricos y automáticos",
    "url": "https://tienda.consum.es/es/p/ambientador-electrico-relax-zen-aparatorec/7337140",
    "price": 7.65,
    "reference_price": 7.65,
    "iva": 21,
    "reference_unit": "1 U",
    "date": "2023-01-17"
  },
  {
    "id": 21830,
    "name": "Vaso Cartón Kraft Estampado 240 ml BETIK",
    "description": "Vaso Cartón Kraft Estampado 240 ml 50 U",
    "category": "Cubiertos, vasos y vajilla",
    "url": "https://tienda.consum.es/es/p/vaso-carton-kraft-estampado-240-ml/7337152",
    "price": 3.85,
    "reference_price": 0.08,
    "iva": 21,
    "reference_unit": "1 U",
    "date": "2023-01-17"
  },
  {
    "id": 21832,
    "name": "Surtido Galletas Compliments LAMBERTZ",
    "description": "Surtido Galletas Compliments 500 Gr",
    "category": "Galletas",
    "url": "https://tienda.consum.es/es/p/surtido-galletas-compliments/7337264",
    "price": 3.85,
    "reference_price": 7.7,
    "iva": 10,
    "reference_unit": "1 Kg",
    "date": "2023-01-17"
  },
  {
    "id": 21833,
    "name": "Crema Nutrición Intensa Piel Seca DOVE",
    "description": "Crema Nutrición Intensa Piel Seca 150 ml",
    "category": "Body-lociones",
    "url": "https://tienda.consum.es/es/p/crema-nutricion-intensa-piel-seca/7337335",
    "price": 2.49,
    "reference_price": 1.66,
    "iva": 21,
    "reference_unit": "100 ml",
    "date": "2023-01-17"
  },
  {
    "id": 21841,
    "name": "Ambientador Eléctrico Ropa Limpia Recambio GLADE",
    "description": "Ambientador Eléctrico Ropa Limpia Recambio 1 U",
    "category": "Eléctricos y automáticos",
    "url": "https://tienda.consum.es/es/p/ambientador-electrico-ropa-limpia-recambio/7337454",
    "price": 5.07,
    "reference_price": 5.07,
    "iva": 21,
    "reference_unit": "1 U",
    "date": "2023-01-17"
  },
  {
    "id": 21844,
    "name": "Loción Corporal Cotton Touch JOHNSON",
    "description": "Loción Corporal Cotton Touch 500 ml",
    "category": "Cremas, lociones y colonia",
    "url": "https://tienda.consum.es/es/p/locion-corporal-cotton-touch/7337475",
    "price": 3.19,
    "reference_price": 0.64,
    "iva": 21,
    "reference_unit": "100 ml",
    "date": "2023-01-17"
  },
  {
    "id": 21849,
    "name": "Harina Espelta Integral Paquete GALLO",
    "description": "Harina Espelta Integral Paquete 1 Kg",
    "category": "Harinas y levaduras",
    "url": "https://tienda.consum.es/es/p/harina-espelta-integral-paquete/7337673",
    "price": 2.49,
    "reference_price": 2.49,
    "iva": 0,
    "reference_unit": "1 Kg",
    "date": "2023-01-17"
  },
  {
    "id": 21851,
    "name": "Mini Centeno 30% 3 Unidades ",
    "description": "Mini Centeno 30% 3 Unidades 270 Gr",
    "category": "Pan de horno",
    "url": "https://tienda.consum.es/es/p/mini-centeno-30-3-unidades/7337756",
    "price": 1,
    "reference_price": 3.7,
    "iva": 10,
    "reference_unit": "1 Kg",
    "date": "2023-01-17"
  },
  {
    "id": 21856,
    "name": "Vino Tinto Crianza D.O.Navarra HOMENAJE",
    "description": "Vino Tinto Crianza D.O.Navarra 0,75 L",
    "category": "Vinos d.o",
    "url": "https://tienda.consum.es/es/p/vino-tinto-crianza-donavarra/7337962",
    "price": 4.99,
    "reference_price": 6.65,
    "iva": 21,
    "reference_unit": "1 L",
    "date": "2023-01-17"
  },
  {
    "id": 21858,
    "name": "Gel Dental Infantil Sabor Menta CONSUM KIDS",
    "description": "Gel Dental Infantil Sabor Menta 75 ml",
    "category": "Dentífricos",
    "url": "https://tienda.consum.es/es/p/gel-dental-infantil-sabor-menta/7325921",
    "price": 1.25,
    "reference_price": 1.67,
    "iva": 21,
    "reference_unit": "100 ml",
    "date": "2023-01-17"
  },
  {
    "id": 21860,
    "name": "Colgador WC Dúo Blue Activ Floral BREF",
    "description": "Colgador WC Dúo Blue Activ Floral 2 U",
    "category": "Limpieza baños",
    "url": "https://tienda.consum.es/es/p/colgador-wc-duo-blue-activ-floral/7336147",
    "price": 3.79,
    "reference_price": 1.9,
    "iva": 21,
    "reference_unit": "1 U",
    "date": "2023-01-17"
  },
  {
    "id": 21861,
    "name": "Colgador WC Dúo Poder Activo Limón BREF",
    "description": "Colgador WC Dúo Poder Activo Limón 2 U",
    "category": "Limpieza baños",
    "url": "https://tienda.consum.es/es/p/colgador-wc-duo-poder-activo-limon/7336154",
    "price": 3.25,
    "reference_price": 1.63,
    "iva": 21,
    "reference_unit": "1 U",
    "date": "2023-01-17"
  },
  {
    "id": 21862,
    "name": "Tabla de Planchar Basic L RAYEN",
    "description": "Tabla de Planchar Basic L 1 U",
    "category": "Útiles de limpieza",
    "url": "https://tienda.consum.es/es/p/tabla-de-planchar-basic-l/7336485",
    "price": 30.5,
    "reference_price": 30.5,
    "iva": 21,
    "reference_unit": "1 U",
    "date": "2023-01-17"
  },
  {
    "id": 21863,
    "name": "Bolsas para Lavadora RAYEN",
    "description": "Bolsas para Lavadora 3 x 1 U",
    "category": "Aditivos para el lavado",
    "url": "https://tienda.consum.es/es/p/bolsas-para-lavadora/7336519",
    "price": 5.29,
    "reference_price": 1.76,
    "iva": 21,
    "reference_unit": "1 U",
    "date": "2023-01-17"
  },
  {
    "id": 21865,
    "name": "Salmón Ahumado Suave 25% Reducido en Sal ROYAL",
    "description": "Salmón Ahumado Suave 25% Reducido en Sal 80 Gr",
    "category": "Ahumados",
    "url": "https://tienda.consum.es/es/p/salmon-ahumado-suave-25-reducido-en-sal/7337124",
    "price": 4.99,
    "reference_price": 62.38,
    "iva": 10,
    "reference_unit": "1 Kg",
    "date": "2023-01-17"
  },
  {
    "id": 21866,
    "name": "Kebab Loncheado Ternera congelado OZ QUEBAB",
    "description": "Kebab Loncheado Ternera congelado 250 Gr",
    "category": "Carne, verduras y otros",
    "url": "https://tienda.consum.es/es/p/kebab-loncheado-ternera-congelado/7337277",
    "price": 3.99,
    "reference_price": 15.96,
    "iva": 10,
    "reference_unit": "1 Kg",
    "date": "2023-01-17"
  },
  {
    "id": 21867,
    "name": "Molde Apilable 26 cm Verde Serie Bonton GUARDINI",
    "description": "Molde Apilable 26 cm Verde Serie Bonton 1 U",
    "category": "Menaje cocina",
    "url": "https://tienda.consum.es/es/p/molde-apilable-26-cm-verde-serie-bonton/7337355",
    "price": 8.99,
    "reference_price": 8.99,
    "iva": 21,
    "reference_unit": "1 U",
    "date": "2023-01-17"
  },
  {
    "id": 21868,
    "name": "Molde Liso 28 cm Verde Serie Bonton GUARDINI",
    "description": "Molde Liso 28 cm Verde Serie Bonton 1 U",
    "category": "Menaje cocina",
    "url": "https://tienda.consum.es/es/p/molde-liso-28-cm-verde-serie-bonton/7337368",
    "price": 5.99,
    "reference_price": 5.99,
    "iva": 21,
    "reference_unit": "1 U",
    "date": "2023-01-17"
  },
  {
    "id": 21869,
    "name": "Molde Cuadrado Verde 24x24cm Serie Bonton GUARDINI",
    "description": "Molde Cuadrado Verde 24x24cm Serie Bonton 1 U",
    "category": "Menaje cocina",
    "url": "https://tienda.consum.es/es/p/molde-cuadrado-verde-24x24cm-serie-bonton/7337389",
    "price": 5.99,
    "reference_price": 5.99,
    "iva": 21,
    "reference_unit": "1 U",
    "date": "2023-01-17"
  },
  {
    "id": 21870,
    "name": "Molde Plumcake 25 cm Verde Serie Bonton GUARDINI",
    "description": "Molde Plumcake 25 cm Verde Serie Bonton 1 U",
    "category": "Menaje cocina",
    "url": "https://tienda.consum.es/es/p/molde-plumcake-25-cm-verde-serie-bonton/7337413",
    "price": 5.99,
    "reference_price": 5.99,
    "iva": 21,
    "reference_unit": "1 U",
    "date": "2023-01-17"
  },
  {
    "id": 21871,
    "name": "Molde Fuente Horno 22x28 cm Verde Bonton GUARDINI",
    "description": "Molde Fuente Horno 22x28 cm Verde Bonton 1 U",
    "category": "Menaje cocina",
    "url": "https://tienda.consum.es/es/p/molde-fuente-horno-22x28-cm-verde-bonton/7337421",
    "price": 5.99,
    "reference_price": 5.99,
    "iva": 21,
    "reference_unit": "1 U",
    "date": "2023-01-17"
  },
  {
    "id": 21873,
    "name": "Colonia Talco Mi Mascota MI MASCOTA",
    "description": "Colonia Talco Mi Mascota 1 U",
    "category": "Cuidado e higiene",
    "url": "https://tienda.consum.es/es/p/colonia-talco-mi-mascota/7337504",
    "price": 3.19,
    "reference_price": 3.19,
    "iva": 21,
    "reference_unit": "1 U",
    "date": "2023-01-17"
  },
  {
    "id": 21876,
    "name": "Champú Infantil Gotas de Fuerza JOHNSON",
    "description": "Champú Infantil Gotas de Fuerza 500 ml",
    "category": "Gel y champú",
    "url": "https://tienda.consum.es/es/p/champu-infantil-gotas-de-fuerza/7337665",
    "price": 3.69,
    "reference_price": 0.74,
    "iva": 21,
    "reference_unit": "100 ml",
    "date": "2023-01-17"
  },
  {
    "id": 21882,
    "name": "Tinte Castaño 5.6 Caramelo PALETTE",
    "description": "Tinte Castaño 5.6 Caramelo 1 U",
    "category": "Coloración",
    "url": "https://tienda.consum.es/es/p/tinte-castano-56-caramelo/7338085",
    "price": 4.29,
    "reference_price": 4.29,
    "iva": 21,
    "reference_unit": "1 U",
    "date": "2023-01-17"
  },
  {
    "id": 21887,
    "name": "Tomate Negro ",
    "description": "Tomate Negro",
    "category": "Pepinos, tomates y pimientos",
    "url": "https://tienda.consum.es/es/p/tomate-negro/7338833",
    "price": 0.22,
    "reference_price": 2.2,
    "iva": 0,
    "reference_unit": "1 Kg",
    "date": "2023-01-17"
  },
  {
    "id": 21895,
    "name": "Boquerón en Vinagre del Cantábrico CONSUM",
    "description": "Boquerón en Vinagre del Cantábrico 60 Gr",
    "category": "Surimis y salazones",
    "url": "https://tienda.consum.es/es/p/boqueron-en-vinagre-del-cantabrico/7309284",
    "price": 3.55,
    "reference_price": 59.17,
    "iva": 10,
    "reference_unit": "1 Kg",
    "date": "2023-01-17"
  },
  {
    "id": 21896,
    "name": "Jabón de Manos Líquido Avena KYREY",
    "description": "Jabón de Manos Líquido Avena 500 ml",
    "category": "Gel de manos",
    "url": "https://tienda.consum.es/es/p/jabon-de-manos-liquido-avena/7318793",
    "price": 1.2,
    "reference_price": 0.24,
    "iva": 21,
    "reference_unit": "100 ml",
    "date": "2023-01-17"
  },
  {
    "id": 21897,
    "name": "Sardinilla en Aceite de Girasol Pack de 2 CONSUM",
    "description": "Sardinilla en Aceite de Girasol Pack de 2 2 x 65 Gr",
    "category": "Sardinas",
    "url": "https://tienda.consum.es/es/p/sardinilla-en-aceite-de-girasol-pack-de-2/7325798",
    "price": 1.6,
    "reference_price": 12.31,
    "iva": 10,
    "reference_unit": "1 Kg",
    "date": "2023-01-17"
  },
  {
    "id": 21898,
    "name": "Sardinilla en Tomate Pack 2 CONSUM",
    "description": "Sardinilla en Tomate Pack 2 2 x 59 Gr",
    "category": "Sardinas",
    "url": "https://tienda.consum.es/es/p/sardinilla-en-tomate-pack-2/7325801",
    "price": 1.5,
    "reference_price": 12.71,
    "iva": 10,
    "reference_unit": "1 Kg",
    "date": "2023-01-17"
  },
  {
    "id": 21899,
    "name": "Limpiador Concentrado LAS 3 BRUJAS",
    "description": "Limpiador Concentrado 1,25 L",
    "category": "Limpieza hogar",
    "url": "https://tienda.consum.es/es/p/limpiador-concentrado/7335813",
    "price": 3.29,
    "reference_price": 2.63,
    "iva": 21,
    "reference_unit": "1 L",
    "date": "2023-01-17"
  },
  {
    "id": 21903,
    "name": "Cerveza Tostada 0,0 Pack de 6 botellas MAHOU",
    "description": "Cerveza Tostada 0,0 Pack de 6 botellas 6 x 0,25 L",
    "category": "0, 0 y 0, 9",
    "url": "https://tienda.consum.es/es/p/cerveza-tostada-00-pack-de-6-botellas/7336902",
    "price": 4.29,
    "reference_price": 2.86,
    "iva": 21,
    "reference_unit": "1 L",
    "date": "2023-01-17"
  },
  {
    "id": 21907,
    "name": "Desodorante Spray Zero Aluminio SANEX",
    "description": "Desodorante Spray Zero Aluminio 200 ml",
    "category": "Spray",
    "url": "https://tienda.consum.es/es/p/desodorante-spray-zero-aluminio/7337467",
    "price": 3.39,
    "reference_price": 1.7,
    "iva": 21,
    "reference_unit": "100 ml",
    "date": "2023-01-17"
  },
  {
    "id": 21908,
    "name": "Desodorante Roll on Zero 0% Aluminio SANEX",
    "description": "Desodorante Roll on Zero 0% Aluminio 50 ml",
    "category": "Roll on",
    "url": "https://tienda.consum.es/es/p/desodorante-roll-on-zero-0-aluminio/7337470",
    "price": 1.75,
    "reference_price": 3.5,
    "iva": 21,
    "reference_unit": "100 ml",
    "date": "2023-01-17"
  },
  {
    "id": 21912,
    "name": "Pant Discreet Boutique Talla G AUSONIA",
    "description": "Pant Discreet Boutique Talla G 8 U",
    "category": "Compresas y protegeslips",
    "url": "https://tienda.consum.es/es/p/pant-discreet-boutique-talla-g/7337694",
    "price": 10.99,
    "reference_price": 1.37,
    "iva": 10,
    "reference_unit": "1 U",
    "date": "2023-01-17"
  },
  {
    "id": 21917,
    "name": "Aceituna Rellena Limón JOLCA",
    "description": "Aceituna Rellena Limón 130 Gr",
    "category": "Aceitunas sin hueso",
    "url": "https://tienda.consum.es/es/p/aceituna-rellena-limon/7337744",
    "price": 1.65,
    "reference_price": 12.69,
    "iva": 10,
    "reference_unit": "1 Kg",
    "date": "2023-01-17"
  },
  {
    "id": 21918,
    "name": "Aceituna Gordal sin Hueso Aliñada JOLCA",
    "description": "Aceituna Gordal sin Hueso Aliñada 360 Gr",
    "category": "Aceitunas sin hueso",
    "url": "https://tienda.consum.es/es/p/aceituna-gordal-sin-hueso-alinada/7337749",
    "price": 4.19,
    "reference_price": 11.64,
    "iva": 10,
    "reference_unit": "1 Kg",
    "date": "2023-01-17"
  },
  {
    "id": 21928,
    "name": "Tinte Rubio 10 Muy Claro PALETTE",
    "description": "Tinte Rubio 10 Muy Claro 1 U",
    "category": "Coloración",
    "url": "https://tienda.consum.es/es/p/tinte-rubio-10-muy-claro/7338093",
    "price": 4.29,
    "reference_price": 4.29,
    "iva": 21,
    "reference_unit": "1 U",
    "date": "2023-01-17"
  },
  {
    "id": 21930,
    "name": "Mascarilla Hidrata Coco HERBAL ESSEN",
    "description": "Mascarilla Hidrata Coco 250 ml",
    "category": "Mascarillas cabello",
    "url": "https://tienda.consum.es/es/p/mascarilla-hidrata-coco/7338197",
    "price": 4.99,
    "reference_price": 2,
    "iva": 21,
    "reference_unit": "100 ml",
    "date": "2023-01-17"
  },
  {
    "id": 21941,
    "name": "Cepillo Sensibilidad y Encías SENSODYNE",
    "description": "Cepillo Sensibilidad y Encías 1 U",
    "category": "Cepillos de dientes",
    "url": "https://tienda.consum.es/es/p/cepillo-sensibilidad-y-encias/7338671",
    "price": 3.65,
    "reference_price": 3.65,
    "iva": 21,
    "reference_unit": "1 U",
    "date": "2023-01-17"
  },
  {
    "id": 21947,
    "name": "Patatas Fritas Sal al Horno LAY'S",
    "description": "Patatas Fritas Sal al Horno 150 Gr",
    "category": "Patatas fritas",
    "url": "https://tienda.consum.es/es/p/patatas-fritas-sal-al-horno/7338940",
    "price": 2.39,
    "reference_price": 15.93,
    "iva": 10,
    "reference_unit": "1 Kg",
    "date": "2023-01-17"
  },
  {
    "id": 21951,
    "name": "Sardinillas en Aceite de Oliva Pack 2 CONSUM",
    "description": "Sardinillas en Aceite de Oliva Pack 2 2 x 65 Gr",
    "category": "Sardinas",
    "url": "https://tienda.consum.es/es/p/sardinillas-en-aceite-de-oliva-pack-2/7325793",
    "price": 1.85,
    "reference_price": 14.23,
    "iva": 10,
    "reference_unit": "1 Kg",
    "date": "2023-01-17"
  },
  {
    "id": 21952,
    "name": "Sardinillas Bajo en Sal en Aceite Oliva Pack 2 CONSUM",
    "description": "Sardinillas Bajo en Sal en Aceite Oliva Pack 2 2 x 65 Gr",
    "category": "Conservas, aceites y condimentos",
    "url": "https://tienda.consum.es/es/p/sardinillas-bajo-en-sal-en-aceite-oliva-pack-2/7325806",
    "price": 1.85,
    "reference_price": 14.23,
    "iva": 10,
    "reference_unit": "1 Kg",
    "date": "2023-01-17"
  },
  {
    "id": 21953,
    "name": "Paté Pimienta Tarro CONSUM",
    "description": "Paté Pimienta Tarro 160 Gr",
    "category": "Patés y untables",
    "url": "https://tienda.consum.es/es/p/pate-pimienta-tarro/7326015",
    "price": 1.15,
    "reference_price": 7.19,
    "iva": 10,
    "reference_unit": "1 Kg",
    "date": "2023-01-17"
  },
  {
    "id": 21954,
    "name": "Paté Finas Hierbas Tarro CONSUM",
    "description": "Paté Finas Hierbas Tarro 160 Gr",
    "category": "Patés y untables",
    "url": "https://tienda.consum.es/es/p/pate-finas-hierbas-tarro/7326028",
    "price": 1.15,
    "reference_price": 7.19,
    "iva": 10,
    "reference_unit": "1 Kg",
    "date": "2023-01-17"
  },
  {
    "id": 21956,
    "name": "Seitán Ecológico Frasco ECOCESTA",
    "description": "Seitán Ecológico Frasco 250 Gr",
    "category": "Conservas, aceites y condimentos",
    "url": "https://tienda.consum.es/es/p/seitan-ecologico-frasco/7329472",
    "price": 5.59,
    "reference_price": 22.36,
    "iva": 10,
    "reference_unit": "1 Kg",
    "date": "2023-01-17"
  },
  {
    "id": 21962,
    "name": "Queso Servilleta Artesano Leche de Cabra LA CABRITA",
    "description": "Queso Servilleta Artesano Leche de Cabra 350 Gr",
    "category": "Quesos de Cabra",
    "url": "https://tienda.consum.es/es/p/queso-servilleta-artesano-leche-de-cabra/7337801",
    "price": 4.76,
    "reference_price": 13.6,
    "iva": 0,
    "reference_unit": "1 Kg",
    "date": "2023-01-17"
  },
  {
    "id": 21967,
    "name": "Paté Ibérico Monodosis APIS",
    "description": "Paté Ibérico Monodosis 3 x 50 Gr",
    "category": "Patés y untables",
    "url": "https://tienda.consum.es/es/p/pate-iberico-monodosis/7338072",
    "price": 1.35,
    "reference_price": 9,
    "iva": 10,
    "reference_unit": "1 Kg",
    "date": "2023-01-17"
  },
  {
    "id": 21970,
    "name": "Quitamanchas Oxi Action White VANISH",
    "description": "Quitamanchas Oxi Action White 450 Gr",
    "category": "Aditivos y complementos",
    "url": "https://tienda.consum.es/es/p/quitamanchas-oxi-action-white/7338697",
    "price": 5.89,
    "reference_price": 13.09,
    "iva": 21,
    "reference_unit": "1 Kg",
    "date": "2023-01-17"
  },
  {
    "id": 21972,
    "name": "Quitamanchas Oxi Action Pink VANISH",
    "description": "Quitamanchas Oxi Action Pink 450 Gr",
    "category": "Aditivos y complementos",
    "url": "https://tienda.consum.es/es/p/quitamanchas-oxi-action-pink/7338804",
    "price": 5.89,
    "reference_price": 13.09,
    "iva": 21,
    "reference_unit": "1 Kg",
    "date": "2023-01-17"
  },
  {
    "id": 21981,
    "name": "Tinte Creme Gloss 200 Negro Ébano CASTING",
    "description": "Tinte Creme Gloss 200 Negro Ébano 1 U",
    "category": "Coloración",
    "url": "https://tienda.consum.es/es/p/tinte-creme-gloss-200-negro-ebano/7338965",
    "price": 6,
    "reference_price": 6,
    "iva": 21,
    "reference_unit": "1 U",
    "date": "2023-01-17"
  },
  {
    "id": 21984,
    "name": "Tinte Nº 7.43 Rubio Cobrizo Dorado EXCELLENCE",
    "description": "Tinte Nº 7.43 Rubio Cobrizo Dorado 1 U",
    "category": "Coloración",
    "url": "https://tienda.consum.es/es/p/tinte-n-743-rubio-cobrizo-dorado/7338986",
    "price": 7.9,
    "reference_price": 7.9,
    "iva": 21,
    "reference_unit": "1 U",
    "date": "2023-01-17"
  },
  {
    "id": 21985,
    "name": "Tinte Nº 5.3 Chocolate Praline EXCELLENCE",
    "description": "Tinte Nº 5.3 Chocolate Praline 1 U",
    "category": "Coloración",
    "url": "https://tienda.consum.es/es/p/tinte-n-53-chocolate-praline/7338994",
    "price": 7.9,
    "reference_price": 7.9,
    "iva": 21,
    "reference_unit": "1 U",
    "date": "2023-01-17"
  },
  {
    "id": 21986,
    "name": "Tinte Nº 01 Rubio Ultra Claro Natural EXCELLENCE",
    "description": "Tinte Nº 01 Rubio Ultra Claro Natural 1 U",
    "category": "Coloración",
    "url": "https://tienda.consum.es/es/p/tinte-n-01-rubio-ultra-claro-natural/7338999",
    "price": 7.9,
    "reference_price": 7.9,
    "iva": 21,
    "reference_unit": "1 U",
    "date": "2023-01-17"
  },
  {
    "id": 21988,
    "name": "Tinte Nº 6.1 Rubio Oscuro Ceniza EXCELLENCE",
    "description": "Tinte Nº 6.1 Rubio Oscuro Ceniza 1 U",
    "category": "Coloración",
    "url": "https://tienda.consum.es/es/p/tinte-n-61-rubio-oscuro-ceniza/7339005",
    "price": 7.9,
    "reference_price": 7.9,
    "iva": 21,
    "reference_unit": "1 U",
    "date": "2023-01-17"
  },
  {
    "id": 21990,
    "name": "Cóctel Picante Bote CORBI",
    "description": "Cóctel Picante Bote 235 Gr",
    "category": "Banderillas y cocktails",
    "url": "https://tienda.consum.es/es/p/coctel-picante-bote/7339026",
    "price": 1.95,
    "reference_price": 8.48,
    "iva": 10,
    "reference_unit": "1 Kg",
    "date": "2023-01-17"
  },
  {
    "id": 21998,
    "name": "Desinfectante Textil SANICENTRO",
    "description": "Desinfectante Textil 1 L",
    "category": "Aditivos y complementos",
    "url": "https://tienda.consum.es/es/p/desinfectante-textil/7339323",
    "price": 2.99,
    "reference_price": 2.99,
    "iva": 21,
    "reference_unit": "1 L",
    "date": "2023-01-17"
  },
  {
    "id": 22002,
    "name": "Máscara Colossal Negra MAYBELLINE",
    "description": "Máscara Colossal Negra 1 U",
    "category": "Ojos",
    "url": "https://tienda.consum.es/es/p/mascara-colossal-negra/7223188",
    "price": 5.99,
    "reference_price": 5.99,
    "iva": 21,
    "reference_unit": "1 U",
    "date": "2023-01-17"
  },
  {
    "id": 22006,
    "name": "Laca de Uñas Nº6 Superstay 7 Días MAYBELLINE",
    "description": "Laca de Uñas Nº6 Superstay 7 Días 1 U",
    "category": "Uñas",
    "url": "https://tienda.consum.es/es/p/laca-de-unas-n6-superstay-7-dias/7223860",
    "price": 4.99,
    "reference_price": 4.99,
    "iva": 21,
    "reference_unit": "1 U",
    "date": "2023-01-17"
  },
  {
    "id": 22007,
    "name": "Laca de Uñas Nº25 Superstay 7 Días MAYBELLINE",
    "description": "Laca de Uñas Nº25 Superstay 7 Días 1 U",
    "category": "Uñas",
    "url": "https://tienda.consum.es/es/p/laca-de-unas-n25-superstay-7-dias/7223865",
    "price": 4.99,
    "reference_price": 4.99,
    "iva": 21,
    "reference_unit": "1 U",
    "date": "2023-01-17"
  },
  {
    "id": 22008,
    "name": "Laca de Uñas Nº78 Superstay 7 Días MAYBELLINE",
    "description": "Laca de Uñas Nº78 Superstay 7 Días 1 U",
    "category": "Uñas",
    "url": "https://tienda.consum.es/es/p/laca-de-unas-n78-superstay-7-dias/7223873",
    "price": 4.99,
    "reference_price": 4.99,
    "iva": 21,
    "reference_unit": "1 U",
    "date": "2023-01-17"
  },
  {
    "id": 22009,
    "name": "Laca de Uñas Nº135 Superstay 7 Días MAYBELLINE",
    "description": "Laca de Uñas Nº135 Superstay 7 Días 1 U",
    "category": "Uñas",
    "url": "https://tienda.consum.es/es/p/laca-de-unas-n135-superstay-7-dias/7223878",
    "price": 4.99,
    "reference_price": 4.99,
    "iva": 21,
    "reference_unit": "1 U",
    "date": "2023-01-17"
  },
  {
    "id": 22012,
    "name": "Laca de Uñas Nº287 Superstay 7 Días MAYBELLINE",
    "description": "Laca de Uñas Nº287 Superstay 7 Días 1 U",
    "category": "Uñas",
    "url": "https://tienda.consum.es/es/p/laca-de-unas-n287-superstay-7-dias/7223899",
    "price": 4.99,
    "reference_price": 4.99,
    "iva": 21,
    "reference_unit": "1 U",
    "date": "2023-01-17"
  },
  {
    "id": 22013,
    "name": "Laca de Uñas Nº490 Superstay 7 Días MAYBELLINE",
    "description": "Laca de Uñas Nº490 Superstay 7 Días 1 U",
    "category": "Uñas",
    "url": "https://tienda.consum.es/es/p/laca-de-unas-n490-superstay-7-dias/7223902",
    "price": 4.99,
    "reference_price": 4.99,
    "iva": 21,
    "reference_unit": "1 U",
    "date": "2023-01-17"
  },
  {
    "id": 22014,
    "name": "Laca de Uñas Nº501 Superstay 7 Días MAYBELLINE",
    "description": "Laca de Uñas Nº501 Superstay 7 Días 1 U",
    "category": "Uñas",
    "url": "https://tienda.consum.es/es/p/laca-de-unas-n501-superstay-7-dias/7223907",
    "price": 4.99,
    "reference_price": 4.99,
    "iva": 21,
    "reference_unit": "1 U",
    "date": "2023-01-17"
  },
  {
    "id": 22015,
    "name": "Barra de Labios 760 Superstay MAYBELLINE",
    "description": "Barra de Labios 760 Superstay 1 U",
    "category": "Labiales",
    "url": "https://tienda.consum.es/es/p/barra-de-labios-760-superstay/7223931",
    "price": 8.99,
    "reference_price": 8.99,
    "iva": 21,
    "reference_unit": "1 U",
    "date": "2023-01-17"
  },
  {
    "id": 22018,
    "name": "Barra de Labios Nº510 Superstay MAYBELLINE",
    "description": "Barra de Labios Nº510 Superstay 1 U",
    "category": "Labiales",
    "url": "https://tienda.consum.es/es/p/barra-de-labios-n510-superstay/7223951",
    "price": 8.99,
    "reference_price": 8.99,
    "iva": 21,
    "reference_unit": "1 U",
    "date": "2023-01-17"
  },
  {
    "id": 22019,
    "name": "Barra de Labios Nº185 Superstay MAYBELLINE",
    "description": "Barra de Labios Nº185 Superstay 1 U",
    "category": "Labiales",
    "url": "https://tienda.consum.es/es/p/barra-de-labios-n185-superstay/7223956",
    "price": 8.99,
    "reference_price": 8.99,
    "iva": 21,
    "reference_unit": "1 U",
    "date": "2023-01-17"
  },
  {
    "id": 22026,
    "name": "Perfilador Ojos Nº100 Color Show MAYBELLINE",
    "description": "Perfilador Ojos Nº100 Color Show 1 U",
    "category": "Ojos",
    "url": "https://tienda.consum.es/es/p/perfilador-ojos-n100-color-show/7235679",
    "price": 3.45,
    "reference_price": 3.45,
    "iva": 21,
    "reference_unit": "1 U",
    "date": "2023-01-17"
  },
  {
    "id": 22027,
    "name": "Máscara Pestañas Negras Lash MAYBELLINE",
    "description": "Máscara Pestañas Negras Lash 1 U",
    "category": "Ojos",
    "url": "https://tienda.consum.es/es/p/mascara-pestanas-negras-lash/7237139",
    "price": 8.59,
    "reference_price": 8.59,
    "iva": 21,
    "reference_unit": "1 U",
    "date": "2023-01-17"
  },
  {
    "id": 22028,
    "name": "Laca de Uñas Nº76 Superstay 7D MAYBELLINE",
    "description": "Laca de Uñas Nº76 Superstay 7D 1 U",
    "category": "Uñas",
    "url": "https://tienda.consum.es/es/p/laca-de-unas-n76-superstay-7d/7238400",
    "price": 4.99,
    "reference_price": 4.99,
    "iva": 21,
    "reference_unit": "1 U",
    "date": "2023-01-17"
  },
  {
    "id": 22035,
    "name": "Barra de Labios Nº640 Superstay MAYBELLINE",
    "description": "Barra de Labios Nº640 Superstay 1 U",
    "category": "Labiales",
    "url": "https://tienda.consum.es/es/p/barra-de-labios-n640-superstay/7240372",
    "price": 8.99,
    "reference_price": 8.99,
    "iva": 21,
    "reference_unit": "1 U",
    "date": "2023-01-17"
  },
  {
    "id": 22046,
    "name": "Barra de Labios Nº135 Superstay 24H MAYBELLINE",
    "description": "Barra de Labios Nº135 Superstay 24H 1 U",
    "category": "Labiales",
    "url": "https://tienda.consum.es/es/p/barra-de-labios-n135-superstay-24h/7262041",
    "price": 8.99,
    "reference_price": 8.99,
    "iva": 21,
    "reference_unit": "1 U",
    "date": "2023-01-17"
  },
  {
    "id": 22057,
    "name": "Laca de Uñas Top Coat Superstay 3D MAYBELLINE",
    "description": "Laca de Uñas Top Coat Superstay 3D 1 U",
    "category": "Uñas",
    "url": "https://tienda.consum.es/es/p/laca-de-unas-top-coat-superstay-3d/7278588",
    "price": 4.99,
    "reference_price": 4.99,
    "iva": 21,
    "reference_unit": "1 U",
    "date": "2023-01-17"
  },
  {
    "id": 22061,
    "name": "Barra de Labios Infalible x 3 Nº506 L'OREAL",
    "description": "Barra de Labios Infalible x 3 Nº506 1 U",
    "category": "Labiales",
    "url": "https://tienda.consum.es/es/p/barra-de-labios-infalible-x-3-n506/7283252",
    "price": 10.9,
    "reference_price": 10.9,
    "iva": 21,
    "reference_unit": "1 U",
    "date": "2023-01-17"
  },
  {
    "id": 22077,
    "name": "Barra de Labios Color Riche Cl. Nº108 L'OREAL",
    "description": "Barra de Labios Color Riche Cl. Nº108 1 U",
    "category": "Labiales",
    "url": "https://tienda.consum.es/es/p/barra-de-labios-color-riche-cl-n108/7283450",
    "price": 8.99,
    "reference_price": 8.99,
    "iva": 21,
    "reference_unit": "1 U",
    "date": "2023-01-17"
  },
  {
    "id": 22079,
    "name": "Barra de Labios Color Riche Cl. Nº345 L'OREAL",
    "description": "Barra de Labios Color Riche Cl. Nº345 1 U",
    "category": "Labiales",
    "url": "https://tienda.consum.es/es/p/barra-de-labios-color-riche-cl-n345/7283468",
    "price": 8.99,
    "reference_price": 8.99,
    "iva": 21,
    "reference_unit": "1 U",
    "date": "2023-01-17"
  },
  {
    "id": 22082,
    "name": "Barra de Labios Color Riche Cl. Nº302 L'OREAL",
    "description": "Barra de Labios Color Riche Cl. Nº302 1 U",
    "category": "Labiales",
    "url": "https://tienda.consum.es/es/p/barra-de-labios-color-riche-cl-n302/7283489",
    "price": 8.99,
    "reference_price": 8.99,
    "iva": 21,
    "reference_unit": "1 U",
    "date": "2023-01-17"
  },
  {
    "id": 22083,
    "name": "Barra de Labios Color Riche Cl. Nº378 L'OREAL",
    "description": "Barra de Labios Color Riche Cl. Nº378 1 U",
    "category": "Labiales",
    "url": "https://tienda.consum.es/es/p/barra-de-labios-color-riche-cl-n378/7283492",
    "price": 8.99,
    "reference_price": 8.99,
    "iva": 21,
    "reference_unit": "1 U",
    "date": "2023-01-17"
  },
  {
    "id": 22084,
    "name": "Barra de Labios Color Riche Cl. Nº265 L'OREAL",
    "description": "Barra de Labios Color Riche Cl. Nº265 1 U",
    "category": "Labiales",
    "url": "https://tienda.consum.es/es/p/barra-de-labios-color-riche-cl-n265/7283497",
    "price": 8.99,
    "reference_price": 8.99,
    "iva": 21,
    "reference_unit": "1 U",
    "date": "2023-01-17"
  },
  {
    "id": 22087,
    "name": "Barra de Labios Color Riche Cl. Nº163 L'OREAL",
    "description": "Barra de Labios Color Riche Cl. Nº163 1 U",
    "category": "Labiales",
    "url": "https://tienda.consum.es/es/p/barra-de-labios-color-riche-cl-n163/7283518",
    "price": 8.99,
    "reference_price": 8.99,
    "iva": 21,
    "reference_unit": "1 U",
    "date": "2023-01-17"
  },
  {
    "id": 22091,
    "name": "Barra de Labios Color Riche Matte Nº347 L'OREAL",
    "description": "Barra de Labios Color Riche Matte Nº347 1 U",
    "category": "Labiales",
    "url": "https://tienda.consum.es/es/p/barra-de-labios-color-riche-matte-n347/7283542",
    "price": 8.99,
    "reference_price": 8.99,
    "iva": 21,
    "reference_unit": "1 U",
    "date": "2023-01-17"
  },
  {
    "id": 22095,
    "name": "Maquillaje Fluido 6N Accord Perfect L'OREAL",
    "description": "Maquillaje Fluido 6N Accord Perfect 1 U",
    "category": "Rostro",
    "url": "https://tienda.consum.es/es/p/maquillaje-fluido-6n-accord-perfect/7283724",
    "price": 13.9,
    "reference_price": 13.9,
    "iva": 21,
    "reference_unit": "1 U",
    "date": "2023-01-17"
  },
  {
    "id": 22102,
    "name": "Prebase Infalible Matte L'OREAL",
    "description": "Prebase Infalible Matte 1 U",
    "category": "Rostro",
    "url": "https://tienda.consum.es/es/p/prebase-infalible-matte/7283760",
    "price": 7.99,
    "reference_price": 7.99,
    "iva": 21,
    "reference_unit": "1 U",
    "date": "2023-01-17"
  },
  {
    "id": 22115,
    "name": "Polvo Compacto Mate R3 Accord Perfect L'OREAL",
    "description": "Polvo Compacto Mate R3 Accord Perfect 1 U",
    "category": "Rostro",
    "url": "https://tienda.consum.es/es/p/polvo-compacto-mate-r3-accord-perfect/7283898",
    "price": 10.9,
    "reference_price": 10.9,
    "iva": 21,
    "reference_unit": "1 U",
    "date": "2023-01-17"
  },
  {
    "id": 22116,
    "name": "Polvo Compacto Mate D5 Accord Perfect L'OREAL",
    "description": "Polvo Compacto Mate D5 Accord Perfect 1 U",
    "category": "Rostro",
    "url": "https://tienda.consum.es/es/p/polvo-compacto-mate-d5-accord-perfect/7283901",
    "price": 10.9,
    "reference_price": 10.9,
    "iva": 21,
    "reference_unit": "1 U",
    "date": "2023-01-17"
  },
  {
    "id": 22118,
    "name": "Máscara Mega Volumen Colágeno L'OREAL",
    "description": "Máscara Mega Volumen Colágeno 1 U",
    "category": "Ojos",
    "url": "https://tienda.consum.es/es/p/mascara-mega-volumen-colageno/7283948",
    "price": 8.99,
    "reference_price": 8.99,
    "iva": 21,
    "reference_unit": "1 U",
    "date": "2023-01-17"
  },
  {
    "id": 22121,
    "name": "Máscara Volumen 001 Million Extra Black L'OREAL",
    "description": "Máscara Volumen 001 Million Extra Black 1 U",
    "category": "Ojos",
    "url": "https://tienda.consum.es/es/p/mascara-volumen-001-million-extra-black/7283968",
    "price": 11.9,
    "reference_price": 11.9,
    "iva": 21,
    "reference_unit": "1 U",
    "date": "2023-01-17"
  },
  {
    "id": 22122,
    "name": "Máscara Volumen 003 Million Black L'OREAL",
    "description": "Máscara Volumen 003 Million Black 1 U",
    "category": "Ojos",
    "url": "https://tienda.consum.es/es/p/mascara-volumen-003-million-black/7283976",
    "price": 11.9,
    "reference_price": 11.9,
    "iva": 21,
    "reference_unit": "1 U",
    "date": "2023-01-17"
  },
  {
    "id": 22133,
    "name": "Perfilador Ojos 116 Riche le Khol Verde L'OREAL",
    "description": "Perfilador Ojos 116 Riche le Khol Verde 1 U",
    "category": "Ojos",
    "url": "https://tienda.consum.es/es/p/perfilador-ojos-116-riche-le-khol-verde/7284107",
    "price": 6.99,
    "reference_price": 6.99,
    "iva": 21,
    "reference_unit": "1 U",
    "date": "2023-01-17"
  },
  {
    "id": 22134,
    "name": "Perfilador Ojos 107 Riche le Khol Azul L'OREAL",
    "description": "Perfilador Ojos 107 Riche le Khol Azul 1 U",
    "category": "Ojos",
    "url": "https://tienda.consum.es/es/p/perfilador-ojos-107-riche-le-khol-azul/7284115",
    "price": 6.99,
    "reference_price": 6.99,
    "iva": 21,
    "reference_unit": "1 U",
    "date": "2023-01-17"
  },
  {
    "id": 22135,
    "name": "Colorete Accord Perfect Nº150 L'OREAL",
    "description": "Colorete Accord Perfect Nº150 1 U",
    "category": "Rostro",
    "url": "https://tienda.consum.es/es/p/colorete-accord-perfect-n150/7284123",
    "price": 10.5,
    "reference_price": 10.5,
    "iva": 21,
    "reference_unit": "1 U",
    "date": "2023-01-17"
  },
  {
    "id": 22137,
    "name": "Colorete Accord Perfect Nº165 L'OREAL",
    "description": "Colorete Accord Perfect Nº165 1 U",
    "category": "Rostro",
    "url": "https://tienda.consum.es/es/p/colorete-accord-perfect-n165/7284131",
    "price": 10.5,
    "reference_price": 10.5,
    "iva": 21,
    "reference_unit": "1 U",
    "date": "2023-01-17"
  },
  {
    "id": 22138,
    "name": "Colorete Accord Perfect Nº145 L'OREAL",
    "description": "Colorete Accord Perfect Nº145 1 U",
    "category": "Rostro",
    "url": "https://tienda.consum.es/es/p/colorete-accord-perfect-n145/7284136",
    "price": 10.5,
    "reference_price": 10.5,
    "iva": 21,
    "reference_unit": "1 U",
    "date": "2023-01-17"
  },
  {
    "id": 22139,
    "name": "Colorete Accord Perfect Nº160 L'OREAL",
    "description": "Colorete Accord Perfect Nº160 1 U",
    "category": "Rostro",
    "url": "https://tienda.consum.es/es/p/colorete-accord-perfect-n160/7284149",
    "price": 10.5,
    "reference_price": 10.5,
    "iva": 21,
    "reference_unit": "1 U",
    "date": "2023-01-17"
  },
  {
    "id": 22140,
    "name": "Perfilador Ojos 102 Riche le Kohl L'OREAL",
    "description": "Perfilador Ojos 102 Riche le Kohl 1 U",
    "category": "Ojos",
    "url": "https://tienda.consum.es/es/p/perfilador-ojos-102-riche-le-kohl/7284164",
    "price": 6.99,
    "reference_price": 6.99,
    "iva": 21,
    "reference_unit": "1 U",
    "date": "2023-01-17"
  },
  {
    "id": 22141,
    "name": "Perfilador Ojos 111 Riche le Kohl L'OREAL",
    "description": "Perfilador Ojos 111 Riche le Kohl 1 U",
    "category": "Ojos",
    "url": "https://tienda.consum.es/es/p/perfilador-ojos-111-riche-le-kohl/7284172",
    "price": 6.99,
    "reference_price": 6.99,
    "iva": 21,
    "reference_unit": "1 U",
    "date": "2023-01-17"
  },
  {
    "id": 22147,
    "name": "Maquillaje Fluido 115 Fit Me Mate MAYBELLINE",
    "description": "Maquillaje Fluido 115 Fit Me Mate 1 U",
    "category": "Rostro",
    "url": "https://tienda.consum.es/es/p/maquillaje-fluido-115-fit-me-mate/7284367",
    "price": 7.49,
    "reference_price": 7.49,
    "iva": 21,
    "reference_unit": "1 U",
    "date": "2023-01-17"
  },
  {
    "id": 22148,
    "name": "Maquillaje Fluido 120 Fit Me mate MAYBELLINE",
    "description": "Maquillaje Fluido 120 Fit Me mate 1 U",
    "category": "Rostro",
    "url": "https://tienda.consum.es/es/p/maquillaje-fluido-120-fit-me-mate/7284375",
    "price": 7.49,
    "reference_price": 7.49,
    "iva": 21,
    "reference_unit": "1 U",
    "date": "2023-01-17"
  },
  {
    "id": 22161,
    "name": "Máscara Colossal Waterproof MAYBELLINE",
    "description": "Máscara Colossal Waterproof 1 U",
    "category": "Ojos",
    "url": "https://tienda.consum.es/es/p/mascara-colossal-waterproof/7286750",
    "price": 5.99,
    "reference_price": 5.99,
    "iva": 21,
    "reference_unit": "1 U",
    "date": "2023-01-17"
  },
  {
    "id": 22198,
    "name": "Barra de Labios 20 Ink Matte MAYBELLINE",
    "description": "Barra de Labios 20 Ink Matte 1 U",
    "category": "Labiales",
    "url": "https://tienda.consum.es/es/p/barra-de-labios-20-ink-matte/7296312",
    "price": 8.5,
    "reference_price": 8.5,
    "iva": 21,
    "reference_unit": "1 U",
    "date": "2023-01-17"
  },
  {
    "id": 22199,
    "name": "Barra de Labios 15 Ink Matte MAYBELLINE",
    "description": "Barra de Labios 15 Ink Matte 1 U",
    "category": "Labiales",
    "url": "https://tienda.consum.es/es/p/barra-de-labios-15-ink-matte/7296317",
    "price": 8.5,
    "reference_price": 8.5,
    "iva": 21,
    "reference_unit": "1 U",
    "date": "2023-01-17"
  },
  {
    "id": 22201,
    "name": "Borrador Corrector Ojo Nude MAYBELLINE",
    "description": "Borrador Corrector Ojo Nude 1 U",
    "category": "Rostro",
    "url": "https://tienda.consum.es/es/p/borrador-corrector-ojo-nude/7301083",
    "price": 9.79,
    "reference_price": 9.79,
    "iva": 21,
    "reference_unit": "1 U",
    "date": "2023-01-17"
  },
  {
    "id": 22202,
    "name": "Borrador Corrector Ojo Light MAYBELLINE",
    "description": "Borrador Corrector Ojo Light 1 U",
    "category": "Rostro",
    "url": "https://tienda.consum.es/es/p/borrador-corrector-ojo-light/7301088",
    "price": 9.79,
    "reference_price": 9.79,
    "iva": 21,
    "reference_unit": "1 U",
    "date": "2023-01-17"
  },
  {
    "id": 22216,
    "name": "Concealer 20 Sand Fit me MAYBELLINE",
    "description": "Concealer 20 Sand Fit me 1 U",
    "category": "Rostro",
    "url": "https://tienda.consum.es/es/p/concealer-20-sand-fit-me/7309180",
    "price": 6.99,
    "reference_price": 6.99,
    "iva": 21,
    "reference_unit": "1 U",
    "date": "2023-01-17"
  },
  {
    "id": 22217,
    "name": "Concealer 15 Fair Fit Me MAYBELLINE",
    "description": "Concealer 15 Fair Fit Me 1 U",
    "category": "Rostro",
    "url": "https://tienda.consum.es/es/p/concealer-15-fair-fit-me/7309193",
    "price": 6.99,
    "reference_price": 6.99,
    "iva": 21,
    "reference_unit": "1 U",
    "date": "2023-01-17"
  },
  {
    "id": 22264,
    "name": "Barra de Labios 65 Ink Mate Nude MAYBELLINE",
    "description": "Barra de Labios 65 Ink Mate Nude 1 U",
    "category": "Labiales",
    "url": "https://tienda.consum.es/es/p/barra-de-labios-65-ink-mate-nude/7310956",
    "price": 8.5,
    "reference_price": 8.5,
    "iva": 21,
    "reference_unit": "1 U",
    "date": "2023-01-17"
  },
  {
    "id": 22265,
    "name": "Barra de Labios 80 Ink Mate Nude MAYBELLINE",
    "description": "Barra de Labios 80 Ink Mate Nude 1 U",
    "category": "Labiales",
    "url": "https://tienda.consum.es/es/p/barra-de-labios-80-ink-mate-nude/7310972",
    "price": 8.5,
    "reference_price": 8.5,
    "iva": 21,
    "reference_unit": "1 U",
    "date": "2023-01-17"
  },
  {
    "id": 22278,
    "name": "Colorete en Polvo Naughty Nude REVLON",
    "description": "Colorete en Polvo Naughty Nude 1 U",
    "category": "Rostro",
    "url": "https://tienda.consum.es/es/p/colorete-en-polvo-naughty-nude/7312739",
    "price": 9.99,
    "reference_price": 9.99,
    "iva": 21,
    "reference_unit": "1 U",
    "date": "2023-01-17"
  },
  {
    "id": 22279,
    "name": "Colorete en Polvo Mauvelous REVLON",
    "description": "Colorete en Polvo Mauvelous 1 U",
    "category": "Rostro",
    "url": "https://tienda.consum.es/es/p/colorete-en-polvo-mauvelous/7312742",
    "price": 9.99,
    "reference_price": 9.99,
    "iva": 21,
    "reference_unit": "1 U",
    "date": "2023-01-17"
  },
  {
    "id": 22281,
    "name": "Eyeliner Líquido Negro Colorstay REVLON",
    "description": "Eyeliner Líquido Negro Colorstay 1 U",
    "category": "Ojos",
    "url": "https://tienda.consum.es/es/p/eyeliner-liquido-negro-colorstay/7312775",
    "price": 7.99,
    "reference_price": 7.99,
    "iva": 21,
    "reference_unit": "1 U",
    "date": "2023-01-17"
  },
  {
    "id": 22282,
    "name": "Eyeliner Negro Automático REVLON",
    "description": "Eyeliner Negro Automático 1 U",
    "category": "Ojos",
    "url": "https://tienda.consum.es/es/p/eyeliner-negro-automatico/7312791",
    "price": 7.99,
    "reference_price": 7.99,
    "iva": 21,
    "reference_unit": "1 U",
    "date": "2023-01-17"
  },
  {
    "id": 22283,
    "name": "Eyeliner Marrón Automático Colorstay REVLON",
    "description": "Eyeliner Marrón Automático Colorstay 1 U",
    "category": "Ojos",
    "url": "https://tienda.consum.es/es/p/eyeliner-marron-automatico-colorstay/7312809",
    "price": 7.99,
    "reference_price": 7.99,
    "iva": 21,
    "reference_unit": "1 U",
    "date": "2023-01-17"
  },
  {
    "id": 22284,
    "name": "Eyeliner Verde Automático Colorstay REVLON",
    "description": "Eyeliner Verde Automático Colorstay 1 U",
    "category": "Ojos",
    "url": "https://tienda.consum.es/es/p/eyeliner-verde-automatico-colorstay/7312817",
    "price": 7.99,
    "reference_price": 7.99,
    "iva": 21,
    "reference_unit": "1 U",
    "date": "2023-01-17"
  },
  {
    "id": 22287,
    "name": "Sombra Crema Chocolate 24 H. Colorstay REVLON",
    "description": "Sombra Crema Chocolate 24 H. Colorstay 1 U",
    "category": "Ojos",
    "url": "https://tienda.consum.es/es/p/sombra-crema-chocolate-24-h-colorstay/7312846",
    "price": 8.49,
    "reference_price": 8.49,
    "iva": 21,
    "reference_unit": "1 U",
    "date": "2023-01-17"
  },
  {
    "id": 22288,
    "name": "Sombra Crema Black 24 H.Colorstay REVLON",
    "description": "Sombra Crema Black 24 H.Colorstay 1 U",
    "category": "Ojos",
    "url": "https://tienda.consum.es/es/p/sombra-crema-black-24-hcolorstay/7312858",
    "price": 8.49,
    "reference_price": 8.49,
    "iva": 21,
    "reference_unit": "1 U",
    "date": "2023-01-17"
  },
  {
    "id": 22289,
    "name": "Barra de Labios Orchid Superlostruos REVLON",
    "description": "Barra de Labios Orchid Superlostruos 1 U",
    "category": "Labiales",
    "url": "https://tienda.consum.es/es/p/barra-de-labios-orchid-superlostruos/7312874",
    "price": 6.99,
    "reference_price": 6.99,
    "iva": 21,
    "reference_unit": "1 U",
    "date": "2023-01-17"
  },
  {
    "id": 22290,
    "name": "Barra de Labios Red Superlustruos REVLON",
    "description": "Barra de Labios Red Superlustruos 1 U",
    "category": "Labiales",
    "url": "https://tienda.consum.es/es/p/barra-de-labios-red-superlustruos/7312887",
    "price": 6.99,
    "reference_price": 6.99,
    "iva": 21,
    "reference_unit": "1 U",
    "date": "2023-01-17"
  },
  {
    "id": 22291,
    "name": "Barra de Labios Rum Raisin Superlustruo REVLON",
    "description": "Barra de Labios Rum Raisin Superlustruo 1 U",
    "category": "Labiales",
    "url": "https://tienda.consum.es/es/p/barra-de-labios-rum-raisin-superlustruo/7312895",
    "price": 6.99,
    "reference_price": 6.99,
    "iva": 21,
    "reference_unit": "1 U",
    "date": "2023-01-17"
  },
  {
    "id": 22292,
    "name": "Barra de Labios Mauve Superlustruos REVLON",
    "description": "Barra de Labios Mauve Superlustruos 1 U",
    "category": "Labiales",
    "url": "https://tienda.consum.es/es/p/barra-de-labios-mauve-superlustruos/7312903",
    "price": 6.95,
    "reference_price": 6.95,
    "iva": 21,
    "reference_unit": "1 U",
    "date": "2023-01-17"
  },
  {
    "id": 22293,
    "name": "Barra de Labios Cherry Superlustruos REVLON",
    "description": "Barra de Labios Cherry Superlustruos 1 U",
    "category": "Labiales",
    "url": "https://tienda.consum.es/es/p/barra-de-labios-cherry-superlustruos/7312911",
    "price": 6.99,
    "reference_price": 6.99,
    "iva": 21,
    "reference_unit": "1 U",
    "date": "2023-01-17"
  },
  {
    "id": 22294,
    "name": "Barra de Labios Pink Superlustruis REVLON",
    "description": "Barra de Labios Pink Superlustruis 1 U",
    "category": "Labiales",
    "url": "https://tienda.consum.es/es/p/barra-de-labios-pink-superlustruis/7312924",
    "price": 6.99,
    "reference_price": 6.99,
    "iva": 21,
    "reference_unit": "1 U",
    "date": "2023-01-17"
  },
  {
    "id": 22302,
    "name": "Barra de Labios Cherry Colorstay .16 Horas. REVLON",
    "description": "Barra de Labios Cherry Colorstay .16 Horas. 1 U",
    "category": "Labiales",
    "url": "https://tienda.consum.es/es/p/barra-de-labios-cherry-colorstay-16-horas/7313062",
    "price": 10.9,
    "reference_price": 10.9,
    "iva": 21,
    "reference_unit": "1 U",
    "date": "2023-01-17"
  },
  {
    "id": 22303,
    "name": "Barra de Labios 4 Colorstay Scarlet. 16 h REVLON",
    "description": "Barra de Labios 4 Colorstay Scarlet. 16 h 1 U",
    "category": "Labiales",
    "url": "https://tienda.consum.es/es/p/barra-de-labios-4-colorstay-scarlet-16-h/7313070",
    "price": 10.9,
    "reference_price": 10.9,
    "iva": 21,
    "reference_unit": "1 U",
    "date": "2023-01-17"
  },
  {
    "id": 22304,
    "name": "Barra de Labios 46 Colorstay Raspberry 16 REVLON",
    "description": "Barra de Labios 46 Colorstay Raspberry 16 1 U",
    "category": "Labiales",
    "url": "https://tienda.consum.es/es/p/barra-de-labios-46-colorstay-raspberry-16/7313075",
    "price": 10.9,
    "reference_price": 10.9,
    "iva": 21,
    "reference_unit": "1 U",
    "date": "2023-01-17"
  },
  {
    "id": 22305,
    "name": "Barra de Labios 380 Colorstay Siena 16 H. REVLON",
    "description": "Barra de Labios 380 Colorstay Siena 16 H. 1 U",
    "category": "Labiales",
    "url": "https://tienda.consum.es/es/p/barra-de-labios-380-colorstay-siena-16-h/7313088",
    "price": 10.9,
    "reference_price": 10.9,
    "iva": 21,
    "reference_unit": "1 U",
    "date": "2023-01-17"
  },
  {
    "id": 22306,
    "name": "Maquillaje 220 N.Beige Colorstay Larga Duración REVLON",
    "description": "Maquillaje 220 N.Beige Colorstay Larga Duración 1 U",
    "category": "Rostro",
    "url": "https://tienda.consum.es/es/p/maquillaje-220-nbeige-colorstay-larga-duracion/7313120",
    "price": 12.9,
    "reference_price": 12.9,
    "iva": 21,
    "reference_unit": "1 U",
    "date": "2023-01-17"
  },
  {
    "id": 22307,
    "name": "Maquillaje 180 Sand Beig Colorstay Larga Duración REVLON",
    "description": "Maquillaje 180 Sand Beig Colorstay Larga Duración 1 U",
    "category": "Rostro",
    "url": "https://tienda.consum.es/es/p/maquillaje-180-sand-beig-colorstay-larga-duracion/7313125",
    "price": 12.9,
    "reference_price": 12.9,
    "iva": 21,
    "reference_unit": "1 U",
    "date": "2023-01-17"
  },
  {
    "id": 22308,
    "name": "Maquillaje 330 N.Tan Colorstay Larga Duración REVLON",
    "description": "Maquillaje 330 N.Tan Colorstay Larga Duración 1 U",
    "category": "Rostro",
    "url": "https://tienda.consum.es/es/p/maquillaje-330-ntan-colorstay-larga-duracion/7313133",
    "price": 12.9,
    "reference_price": 12.9,
    "iva": 21,
    "reference_unit": "1 U",
    "date": "2023-01-17"
  },
  {
    "id": 22309,
    "name": "Maquillaje 320 True Beig Colorstay Larga Duración REVLON",
    "description": "Maquillaje 320 True Beig Colorstay Larga Duración 1 U",
    "category": "Rostro",
    "url": "https://tienda.consum.es/es/p/maquillaje-320-true-beig-colorstay-larga-duracion/7313138",
    "price": 12.95,
    "reference_price": 12.95,
    "iva": 21,
    "reference_unit": "1 U",
    "date": "2023-01-17"
  },
  {
    "id": 22310,
    "name": "Maquillaje 340 Early Tan Colorstay Larga Duración REVLON",
    "description": "Maquillaje 340 Early Tan Colorstay Larga Duración 1 U",
    "category": "Rostro",
    "url": "https://tienda.consum.es/es/p/maquillaje-340-early-tan-colorstay-larga-duracion/7313141",
    "price": 12.9,
    "reference_price": 12.9,
    "iva": 21,
    "reference_unit": "1 U",
    "date": "2023-01-17"
  },
  {
    "id": 22311,
    "name": "Maquillaje 240 M.Beige Colorstay Larga Duración REVLON",
    "description": "Maquillaje 240 M.Beige Colorstay Larga Duración 1 U",
    "category": "Rostro",
    "url": "https://tienda.consum.es/es/p/maquillaje-240-mbeige-colorstay-larga-duracion/7313153",
    "price": 12.9,
    "reference_price": 12.9,
    "iva": 21,
    "reference_unit": "1 U",
    "date": "2023-01-17"
  },
  {
    "id": 22318,
    "name": "Barra de Labios 655 Ultra HD Matte REVLON",
    "description": "Barra de Labios 655 Ultra HD Matte 1 U",
    "category": "Labiales",
    "url": "https://tienda.consum.es/es/p/barra-de-labios-655-ultra-hd-matte/7313281",
    "price": 8.99,
    "reference_price": 8.99,
    "iva": 21,
    "reference_unit": "1 U",
    "date": "2023-01-17"
  },
  {
    "id": 22320,
    "name": "Barra de Labios 640 Mate ultra HD REVLON",
    "description": "Barra de Labios 640 Mate ultra HD 1 U",
    "category": "Labiales",
    "url": "https://tienda.consum.es/es/p/barra-de-labios-640-mate-ultra-hd/7313294",
    "price": 8.99,
    "reference_price": 8.99,
    "iva": 21,
    "reference_unit": "1 U",
    "date": "2023-01-17"
  },
  {
    "id": 22321,
    "name": "Barra de Labios 645 Mate Ultra HD REVLON",
    "description": "Barra de Labios 645 Mate Ultra HD 1 U",
    "category": "Labiales",
    "url": "https://tienda.consum.es/es/p/barra-de-labios-645-mate-ultra-hd/7313299",
    "price": 8.99,
    "reference_price": 8.99,
    "iva": 21,
    "reference_unit": "1 U",
    "date": "2023-01-17"
  },
  {
    "id": 22322,
    "name": "Barra de Labios 625 Mate Ultra HD REVLON",
    "description": "Barra de Labios 625 Mate Ultra HD 1 U",
    "category": "Labiales",
    "url": "https://tienda.consum.es/es/p/barra-de-labios-625-mate-ultra-hd/7313302",
    "price": 8.99,
    "reference_price": 8.99,
    "iva": 21,
    "reference_unit": "1 U",
    "date": "2023-01-17"
  },
  {
    "id": 22323,
    "name": "Barrra de Labios 610 Mate Ultra HD REVLON",
    "description": "Barrra de Labios 610 Mate Ultra HD 1 U",
    "category": "Labiales",
    "url": "https://tienda.consum.es/es/p/barrra-de-labios-610-mate-ultra-hd/7313307",
    "price": 8.99,
    "reference_price": 8.99,
    "iva": 21,
    "reference_unit": "1 U",
    "date": "2023-01-17"
  },
  {
    "id": 22325,
    "name": "Maquillaje 240 M.Beige Colorstay REVLON",
    "description": "Maquillaje 240 M.Beige Colorstay 1 U",
    "category": "Rostro",
    "url": "https://tienda.consum.es/es/p/maquillaje-240-mbeige-colorstay/7313398",
    "price": 12.95,
    "reference_price": 12.95,
    "iva": 21,
    "reference_unit": "1 U",
    "date": "2023-01-17"
  },
  {
    "id": 22326,
    "name": "Maquillaje 320 Colorstay True Beige REVLON",
    "description": "Maquillaje 320 Colorstay True Beige 1 U",
    "category": "Rostro",
    "url": "https://tienda.consum.es/es/p/maquillaje-320-colorstay-true-beige/7313401",
    "price": 12.95,
    "reference_price": 12.95,
    "iva": 21,
    "reference_unit": "1 U",
    "date": "2023-01-17"
  },
  {
    "id": 22327,
    "name": "Perfilador Cejas Fantasy Dark Brown REVLON",
    "description": "Perfilador Cejas Fantasy Dark Brown 1 U",
    "category": "Ojos",
    "url": "https://tienda.consum.es/es/p/perfilador-cejas-fantasy-dark-brown/7313414",
    "price": 9.99,
    "reference_price": 9.99,
    "iva": 21,
    "reference_unit": "1 U",
    "date": "2023-01-17"
  },
  {
    "id": 22328,
    "name": "Perfilador Cejas Fantasy Dark Blonde REVLON",
    "description": "Perfilador Cejas Fantasy Dark Blonde 1 U",
    "category": "Ojos",
    "url": "https://tienda.consum.es/es/p/perfilador-cejas-fantasy-dark-blonde/7313419",
    "price": 9.99,
    "reference_price": 9.99,
    "iva": 21,
    "reference_unit": "1 U",
    "date": "2023-01-17"
  },
  {
    "id": 22329,
    "name": "Perfilador Cejas Fantasy Brunette REVLON",
    "description": "Perfilador Cejas Fantasy Brunette 1 U",
    "category": "Ojos",
    "url": "https://tienda.consum.es/es/p/perfilador-cejas-fantasy-brunette/7313422",
    "price": 9.99,
    "reference_price": 9.99,
    "iva": 21,
    "reference_unit": "1 U",
    "date": "2023-01-17"
  },
  {
    "id": 22333,
    "name": "Polvo Compacto Colorstay Light Medium REVLON",
    "description": "Polvo Compacto Colorstay Light Medium 1 U",
    "category": "Rostro",
    "url": "https://tienda.consum.es/es/p/polvo-compacto-colorstay-light-medium/7313591",
    "price": 10.5,
    "reference_price": 10.5,
    "iva": 21,
    "reference_unit": "1 U",
    "date": "2023-01-17"
  },
  {
    "id": 22334,
    "name": "Polvo Compacto Colorstay Medium REVLON",
    "description": "Polvo Compacto Colorstay Medium 1 U",
    "category": "Rostro",
    "url": "https://tienda.consum.es/es/p/polvo-compacto-colorstay-medium/7313596",
    "price": 10.5,
    "reference_price": 10.5,
    "iva": 21,
    "reference_unit": "1 U",
    "date": "2023-01-17"
  },
  {
    "id": 22336,
    "name": "Cuarteto Sombra Rosa Colorstay Decadent REVLON",
    "description": "Cuarteto Sombra Rosa Colorstay Decadent 1 U",
    "category": "Ojos",
    "url": "https://tienda.consum.es/es/p/cuarteto-sombra-rosa-colorstay-decadent/7313609",
    "price": 9.99,
    "reference_price": 9.99,
    "iva": 21,
    "reference_unit": "1 U",
    "date": "2023-01-17"
  },
  {
    "id": 22338,
    "name": "Cuarteto Sombra Marron Colorstay Addictive 500 REVLON",
    "description": "Cuarteto Sombra Marron Colorstay Addictive 500 1 U",
    "category": "Ojos",
    "url": "https://tienda.consum.es/es/p/cuarteto-sombra-marron-colorstay-addictive-500/7313625",
    "price": 9.95,
    "reference_price": 9.95,
    "iva": 21,
    "reference_unit": "1 U",
    "date": "2023-01-17"
  },
  {
    "id": 22345,
    "name": "Barra de Labios 642 Color Riche Shine L'OREAL",
    "description": "Barra de Labios 642 Color Riche Shine 1 U",
    "category": "Labiales",
    "url": "https://tienda.consum.es/es/p/barra-de-labios-642-color-riche-shine/7315687",
    "price": 8.99,
    "reference_price": 8.99,
    "iva": 21,
    "reference_unit": "1 U",
    "date": "2023-01-17"
  },
  {
    "id": 22347,
    "name": "Barra de Labios 350 Color Riche Shine L'OREAL",
    "description": "Barra de Labios 350 Color Riche Shine 1 U",
    "category": "Labiales",
    "url": "https://tienda.consum.es/es/p/barra-de-labios-350-color-riche-shine/7315716",
    "price": 8.99,
    "reference_price": 8.99,
    "iva": 21,
    "reference_unit": "1 U",
    "date": "2023-01-17"
  },
  {
    "id": 22352,
    "name": "Máscara Volumazing WP REVLON",
    "description": "Máscara Volumazing WP 1 U",
    "category": "Ojos",
    "url": "https://tienda.consum.es/es/p/mascara-volumazing-wp/7322415",
    "price": 9.99,
    "reference_price": 9.99,
    "iva": 21,
    "reference_unit": "1 U",
    "date": "2023-01-17"
  },
  {
    "id": 22356,
    "name": "Eyeliner Tatoo Gel 932 MAYBELLINE",
    "description": "Eyeliner Tatoo Gel 932 1 U",
    "category": "Ojos",
    "url": "https://tienda.consum.es/es/p/eyeliner-tatoo-gel-932/7327851",
    "price": 4.95,
    "reference_price": 4.95,
    "iva": 21,
    "reference_unit": "1 U",
    "date": "2023-01-17"
  },
  {
    "id": 22357,
    "name": "Eyeliner Tatoo Gel 910 MAYBELLINE",
    "description": "Eyeliner Tatoo Gel 910 1 U",
    "category": "Ojos",
    "url": "https://tienda.consum.es/es/p/eyeliner-tatoo-gel-910/7327864",
    "price": 4.95,
    "reference_price": 4.95,
    "iva": 21,
    "reference_unit": "1 U",
    "date": "2023-01-17"
  },
  {
    "id": 22360,
    "name": "Laca de Uñas 600 Gel Envy REVLON",
    "description": "Laca de Uñas 600 Gel Envy 1 U",
    "category": "Uñas",
    "url": "https://tienda.consum.es/es/p/laca-de-unas-600-gel-envy/7329332",
    "price": 7.99,
    "reference_price": 7.99,
    "iva": 21,
    "reference_unit": "1 U",
    "date": "2023-01-17"
  },
  {
    "id": 22364,
    "name": "Labial 114 Rouge Signature L'OREAL",
    "description": "Labial 114 Rouge Signature 1 U",
    "category": "Labiales",
    "url": "https://tienda.consum.es/es/p/labial-114-rouge-signature/7334790",
    "price": 13.9,
    "reference_price": 13.9,
    "iva": 21,
    "reference_unit": "1 U",
    "date": "2023-01-17"
  },
  {
    "id": 22365,
    "name": "Labial 113 Rouge Signature L'OREAL",
    "description": "Labial 113 Rouge Signature 1 U",
    "category": "Labiales",
    "url": "https://tienda.consum.es/es/p/labial-113-rouge-signature/7334795",
    "price": 13.9,
    "reference_price": 13.9,
    "iva": 21,
    "reference_unit": "1 U",
    "date": "2023-01-17"
  },
  {
    "id": 22366,
    "name": "Labial 110 Rouge Signature L'OREAL",
    "description": "Labial 110 Rouge Signature 1 U",
    "category": "Labiales",
    "url": "https://tienda.consum.es/es/p/labial-110-rouge-signature/7334816",
    "price": 13.9,
    "reference_price": 13.9,
    "iva": 21,
    "reference_unit": "1 U",
    "date": "2023-01-17"
  },
  {
    "id": 22367,
    "name": "Labial 115 Rouge Signature L'OREAL",
    "description": "Labial 115 Rouge Signature 1 U",
    "category": "Labiales",
    "url": "https://tienda.consum.es/es/p/labial-115-rouge-signature/7334824",
    "price": 13.9,
    "reference_price": 13.9,
    "iva": 21,
    "reference_unit": "1 U",
    "date": "2023-01-17"
  },
  {
    "id": 22370,
    "name": "Labial Líquido 852 Infalible Chocolat L'OREAL",
    "description": "Labial Líquido 852 Infalible Chocolat 1 U",
    "category": "Labiales",
    "url": "https://tienda.consum.es/es/p/labial-liquido-852-infalible-chocolat/7334845",
    "price": 9.99,
    "reference_price": 9.99,
    "iva": 21,
    "reference_unit": "1 U",
    "date": "2023-01-17"
  },
  {
    "id": 22373,
    "name": "Labial Líquido 842 Infalible Chocolat L'OREAL",
    "description": "Labial Líquido 842 Infalible Chocolat 1 U",
    "category": "Labiales",
    "url": "https://tienda.consum.es/es/p/labial-liquido-842-infalible-chocolat/7334878",
    "price": 9.99,
    "reference_price": 9.99,
    "iva": 21,
    "reference_unit": "1 U",
    "date": "2023-01-17"
  },
  {
    "id": 22377,
    "name": "Corrector Full Wear 331 L'OREAL",
    "description": "Corrector Full Wear 331 1 U",
    "category": "Rostro",
    "url": "https://tienda.consum.es/es/p/corrector-full-wear-331/7334910",
    "price": 12.9,
    "reference_price": 12.9,
    "iva": 21,
    "reference_unit": "1 U",
    "date": "2023-01-17"
  },
  {
    "id": 22379,
    "name": "Corrector Full Wear 334 L'OREAL",
    "description": "Corrector Full Wear 334 1 U",
    "category": "Rostro",
    "url": "https://tienda.consum.es/es/p/corrector-full-wear-334/7334931",
    "price": 12.9,
    "reference_price": 12.9,
    "iva": 21,
    "reference_unit": "1 U",
    "date": "2023-01-17"
  },
  {
    "id": 22381,
    "name": "Corrector Full Wear 327 L'OREAL",
    "description": "Corrector Full Wear 327 1 U",
    "category": "Rostro",
    "url": "https://tienda.consum.es/es/p/corrector-full-wear-327/7335024",
    "price": 12.9,
    "reference_price": 12.9,
    "iva": 21,
    "reference_unit": "1 U",
    "date": "2023-01-17"
  },
  {
    "id": 22383,
    "name": "Corrector Full Wear 329 L'OREAL",
    "description": "Corrector Full Wear 329 1 U",
    "category": "Rostro",
    "url": "https://tienda.consum.es/es/p/corrector-full-wear-329/7335037",
    "price": 12.9,
    "reference_price": 12.9,
    "iva": 21,
    "reference_unit": "1 U",
    "date": "2023-01-17"
  },
  {
    "id": 22384,
    "name": "Corrector Full Wear 330 L'OREAL",
    "description": "Corrector Full Wear 330 1 U",
    "category": "Rostro",
    "url": "https://tienda.consum.es/es/p/corrector-full-wear-330/7335040",
    "price": 12.9,
    "reference_price": 12.9,
    "iva": 21,
    "reference_unit": "1 U",
    "date": "2023-01-17"
  },
  {
    "id": 22385,
    "name": "Sombra Ojos 1 Color Queen L'OREAL",
    "description": "Sombra Ojos 1 Color Queen 1 U",
    "category": "Ojos",
    "url": "https://tienda.consum.es/es/p/sombra-ojos-1-color-queen/7335045",
    "price": 6.99,
    "reference_price": 6.99,
    "iva": 21,
    "reference_unit": "1 U",
    "date": "2023-01-17"
  },
  {
    "id": 22389,
    "name": "Sombra Ojos 19 Color Queen L'OREAL",
    "description": "Sombra Ojos 19 Color Queen 1 U",
    "category": "Ojos",
    "url": "https://tienda.consum.es/es/p/sombra-ojos-19-color-queen/7335065",
    "price": 6.99,
    "reference_price": 6.99,
    "iva": 21,
    "reference_unit": "1 U",
    "date": "2023-01-17"
  },
  {
    "id": 22394,
    "name": "Labial Macarons 820 L'OREAL",
    "description": "Labial Macarons 820 1 U",
    "category": "Labiales",
    "url": "https://tienda.consum.es/es/p/labial-macarons-820/7335404",
    "price": 9.99,
    "reference_price": 9.99,
    "iva": 21,
    "reference_unit": "1 U",
    "date": "2023-01-17"
  },
  {
    "id": 22406,
    "name": "Esmalte Gel Effect G02 Rojo GIO GIOVANNI",
    "description": "Esmalte Gel Effect G02 Rojo 1 U",
    "category": "Uñas",
    "url": "https://tienda.consum.es/es/p/esmalte-gel-effect-g02-rojo/7187730",
    "price": 1.85,
    "reference_price": 1.85,
    "iva": 21,
    "reference_unit": "1 U",
    "date": "2023-01-17"
  },
  {
    "id": 22408,
    "name": "Laca de Uñas Nº14 Gel Effect GIO GIOVANNI",
    "description": "Laca de Uñas Nº14 Gel Effect 1 U",
    "category": "Uñas",
    "url": "https://tienda.consum.es/es/p/laca-de-unas-n14-gel-effect/7272375",
    "price": 1.85,
    "reference_price": 1.85,
    "iva": 21,
    "reference_unit": "1 U",
    "date": "2023-01-17"
  },
  {
    "id": 22409,
    "name": "Laca de Uñas Nº13 Gel Effect GIO GIOVANNI",
    "description": "Laca de Uñas Nº13 Gel Effect 1 U",
    "category": "Uñas",
    "url": "https://tienda.consum.es/es/p/laca-de-unas-n13-gel-effect/7272383",
    "price": 1.85,
    "reference_price": 1.85,
    "iva": 21,
    "reference_unit": "1 U",
    "date": "2023-01-17"
  },
  {
    "id": 22410,
    "name": "Laca de Uñas 15 Gel Effect GIO GIOVANNI",
    "description": "Laca de Uñas 15 Gel Effect 1 U",
    "category": "Uñas",
    "url": "https://tienda.consum.es/es/p/laca-de-unas-15-gel-effect/7272388",
    "price": 1.85,
    "reference_price": 1.85,
    "iva": 21,
    "reference_unit": "1 U",
    "date": "2023-01-17"
  },
  {
    "id": 22413,
    "name": "Base Endurecedora Uñas GIO GIOVANNI",
    "description": "Base Endurecedora Uñas 1 U",
    "category": "Uñas",
    "url": "https://tienda.consum.es/es/p/base-endurecedora-unas/7284813",
    "price": 1.85,
    "reference_price": 1.85,
    "iva": 21,
    "reference_unit": "1 U",
    "date": "2023-01-17"
  },
  {
    "id": 22415,
    "name": "Base Vitaminada Uñas GIO GIOVANNI",
    "description": "Base Vitaminada Uñas 1 U",
    "category": "Uñas",
    "url": "https://tienda.consum.es/es/p/base-vitaminada-unas/7284821",
    "price": 1.85,
    "reference_price": 1.85,
    "iva": 21,
    "reference_unit": "1 U",
    "date": "2023-01-17"
  },
  {
    "id": 22420,
    "name": "Bolsa Basura Reciclada Cubo Alto CONSUM",
    "description": "Bolsa Basura Reciclada Cubo Alto 20 U",
    "category": "Bolsas y sacos de basura",
    "url": "https://tienda.consum.es/es/p/bolsa-basura-reciclada-cubo-alto/7311405",
    "price": 1.9,
    "reference_price": 0.1,
    "iva": 21,
    "reference_unit": "1 U",
    "date": "2023-01-17"
  },
  {
    "id": 22424,
    "name": "Paté Campaña Tarro CONSUM",
    "description": "Paté Campaña Tarro 160 Gr",
    "category": "Patés y untables",
    "url": "https://tienda.consum.es/es/p/pate-campana-tarro/7326023",
    "price": 1.15,
    "reference_price": 7.19,
    "iva": 10,
    "reference_unit": "1 Kg",
    "date": "2023-01-17"
  },
  {
    "id": 22433,
    "name": "Sombra Ojos 26 Color Queen L'OREAL",
    "description": "Sombra Ojos 26 Color Queen 1 U",
    "category": "Ojos",
    "url": "https://tienda.consum.es/es/p/sombra-ojos-26-color-queen/7335081",
    "price": 6.99,
    "reference_price": 6.99,
    "iva": 21,
    "reference_unit": "1 U",
    "date": "2023-01-17"
  },
  {
    "id": 22435,
    "name": "Secante Uñas GIO GIOVANNI",
    "description": "Secante Uñas 1 U",
    "category": "Uñas",
    "url": "https://tienda.consum.es/es/p/secante-unas/7337397",
    "price": 2.95,
    "reference_price": 2.95,
    "iva": 21,
    "reference_unit": "1 U",
    "date": "2023-01-17"
  },
  {
    "id": 22443,
    "name": "Tabla de Quesos Gourmet G.BAQUERO",
    "description": "Tabla de Quesos Gourmet 150 Gr",
    "category": "Tablas",
    "url": "https://tienda.consum.es/es/p/tabla-de-quesos-gourmet/7338882",
    "price": 3.36,
    "reference_price": 22.4,
    "iva": 0,
    "reference_unit": "1 Kg",
    "date": "2023-01-17"
  },
  {
    "id": 22446,
    "name": "Crema de Limoncello FRANCESCOLI",
    "description": "Crema de Limoncello 0,7 L",
    "category": "Licores y vermouth",
    "url": "https://tienda.consum.es/es/p/crema-de-limoncello/7339054",
    "price": 6.99,
    "reference_price": 9.99,
    "iva": 21,
    "reference_unit": "1 L",
    "date": "2023-01-17"
  },
  {
    "id": 22447,
    "name": "Crema de Meloncello FRANCESCOLI",
    "description": "Crema de Meloncello 0,7 L",
    "category": "Licores y vermouth",
    "url": "https://tienda.consum.es/es/p/crema-de-meloncello/7339059",
    "price": 6.99,
    "reference_price": 9.99,
    "iva": 21,
    "reference_unit": "1 L",
    "date": "2023-01-17"
  },
  {
    "id": 22451,
    "name": "Vino Tinto Crianza D.O.Ribera del Duero CLEA",
    "description": "Vino Tinto Crianza D.O.Ribera del Duero 0,75 L",
    "category": "Vinos d.o",
    "url": "https://tienda.consum.es/es/p/vino-tinto-crianza-doribera-del-duero/7339158",
    "price": 8.29,
    "reference_price": 11.05,
    "iva": 21,
    "reference_unit": "1 L",
    "date": "2023-01-17"
  },
  {
    "id": 22453,
    "name": "Salsa Allioli Tarro CHOVI",
    "description": "Salsa Allioli Tarro 200 ml",
    "category": "Otras salsas",
    "url": "https://tienda.consum.es/es/p/salsa-allioli-tarro/7339349",
    "price": 1.99,
    "reference_price": 9.95,
    "iva": 10,
    "reference_unit": "1 L",
    "date": "2023-01-17"
  },
  {
    "id": 22460,
    "name": "Leche Infantil Polvo Continuación 3 NATIVA",
    "description": "Leche Infantil Polvo Continuación 3 800 Gr",
    "category": "Leches infantiles",
    "url": "https://tienda.consum.es/es/p/leche-infantil-polvo-continuacion-3/7339682",
    "price": 7.75,
    "reference_price": 9.69,
    "iva": 10,
    "reference_unit": "1 Kg",
    "date": "2023-01-17"
  },
  {
    "id": 22462,
    "name": "Yogolino Melocotón y Plátano 0% Azúcar NESTLE",
    "description": "Yogolino Melocotón y Plátano 0% Azúcar 4 x 100 Gr",
    "category": "Petit e infantiles",
    "url": "https://tienda.consum.es/es/p/yogolino-melocoton-y-platano-0-azucar/7339703",
    "price": 2.9,
    "reference_price": 7.25,
    "iva": 10,
    "reference_unit": "1 Kg",
    "date": "2023-01-17"
  },
  {
    "id": 22466,
    "name": "Yogolino Fresa y Plátano 0% Azúcar NESTLE",
    "description": "Yogolino Fresa y Plátano 0% Azúcar 4 x 100 Gr",
    "category": "Petit e infantiles",
    "url": "https://tienda.consum.es/es/p/yogolino-fresa-y-platano-0-azucar/7339752",
    "price": 2.9,
    "reference_price": 7.25,
    "iva": 10,
    "reference_unit": "1 Kg",
    "date": "2023-01-17"
  },
  {
    "id": 22468,
    "name": "Kiwi Amarillo Ecológico ",
    "description": "Kiwi Amarillo Ecológico 325 Gr",
    "category": "Fruta tropical",
    "url": "https://tienda.consum.es/es/p/kiwi-amarillo-ecologico/7340177",
    "price": 3.64,
    "reference_price": 11.2,
    "iva": 0,
    "reference_unit": "1 Kg",
    "date": "2023-01-17"
  },
  {
    "id": 22473,
    "name": "Paté Atún Tarro CONSUM",
    "description": "Paté Atún Tarro 160 Gr",
    "category": "Patés y untables",
    "url": "https://tienda.consum.es/es/p/pate-atun-tarro/7326031",
    "price": 1.39,
    "reference_price": 8.69,
    "iva": 10,
    "reference_unit": "1 Kg",
    "date": "2023-01-17"
  },
  {
    "id": 22475,
    "name": "Sal Lavavajillas CONSUM",
    "description": "Sal Lavavajillas 2 Kg",
    "category": "Aditivos y limpiamáquinas",
    "url": "https://tienda.consum.es/es/p/sal-lavavajillas/7329139",
    "price": 1.55,
    "reference_price": 0.78,
    "iva": 21,
    "reference_unit": "1 Kg",
    "date": "2023-01-17"
  },
  {
    "id": 22480,
    "name": "Filete de Caballa del Sur en Aceite Oliva Bajo Sal CALVO",
    "description": "Filete de Caballa del Sur en Aceite Oliva Bajo Sal 82 Gr",
    "category": "Conservas, aceites y condimentos",
    "url": "https://tienda.consum.es/es/p/filete-de-caballa-del-sur-en-aceite-oliva-bajo-sal/7339328",
    "price": 2.19,
    "reference_price": 26.71,
    "iva": 10,
    "reference_unit": "1 Kg",
    "date": "2023-01-17"
  },
  {
    "id": 22482,
    "name": "Queso Edam Lonchas ROYAL ORANGE",
    "description": "Queso Edam Lonchas 200 Gr",
    "category": "Barra y otros nacionales",
    "url": "https://tienda.consum.es/es/p/queso-edam-lonchas/7339471",
    "price": 1.78,
    "reference_price": 8.9,
    "iva": 0,
    "reference_unit": "1 Kg",
    "date": "2023-01-17"
  },
  {
    "id": 22488,
    "name": "Rollino Latte BALCONI",
    "description": "Rollino Latte 222 Gr",
    "category": "Bollería industrial",
    "url": "https://tienda.consum.es/es/p/rollino-latte/7339596",
    "price": 1.59,
    "reference_price": 7.16,
    "iva": 10,
    "reference_unit": "1 Kg",
    "date": "2023-01-17"
  },
  {
    "id": 22489,
    "name": "Trancetto Cacao BALCONI",
    "description": "Trancetto Cacao 280 Gr",
    "category": "Bollería industrial",
    "url": "https://tienda.consum.es/es/p/trancetto-cacao/7339604",
    "price": 1.59,
    "reference_price": 5.68,
    "iva": 10,
    "reference_unit": "1 Kg",
    "date": "2023-01-17"
  },
  {
    "id": 22492,
    "name": "Avena Instantánea OATIBIX",
    "description": "Avena Instantánea 450 Gr",
    "category": "Cereales",
    "url": "https://tienda.consum.es/es/p/avena-instantanea/7339646",
    "price": 3.15,
    "reference_price": 7,
    "iva": 10,
    "reference_unit": "1 Kg",
    "date": "2023-01-17"
  },
  {
    "id": 22495,
    "name": "Tortita Original Trigo MISSION",
    "description": "Tortita Original Trigo 370 Gr",
    "category": "Panes especiales",
    "url": "https://tienda.consum.es/es/p/tortita-original-trigo/7339724",
    "price": 2.49,
    "reference_price": 6.73,
    "iva": 10,
    "reference_unit": "1 Kg",
    "date": "2023-01-17"
  },
  {
    "id": 22500,
    "name": "Vaso Cartón Kraft 120 ml BETIK",
    "description": "Vaso Cartón Kraft 120 ml 12 U",
    "category": "Cubiertos, vasos y vajilla",
    "url": "https://tienda.consum.es/es/p/vaso-carton-kraft-120-ml/7340284",
    "price": 0.85,
    "reference_price": 0.07,
    "iva": 21,
    "reference_unit": "1 U",
    "date": "2023-01-17"
  },
  {
    "id": 22501,
    "name": "Vaso Cartón Kraft 240 ml BETIK",
    "description": "Vaso Cartón Kraft 240 ml 12 U",
    "category": "Cubiertos, vasos y vajilla",
    "url": "https://tienda.consum.es/es/p/vaso-carton-kraft-240-ml/7340289",
    "price": 1.55,
    "reference_price": 0.13,
    "iva": 21,
    "reference_unit": "1 U",
    "date": "2023-01-17"
  },
  {
    "id": 22502,
    "name": "Pila Alcalina AAA Blister 4 Más 2 ENERGIZER",
    "description": "Pila Alcalina AAA Blister 4 Más 2 6 x 1 U",
    "category": "Electricidad, pilas y bombillas",
    "url": "https://tienda.consum.es/es/p/pila-alcalina-aaa-blister-4-mas-2/7262454",
    "price": 4.99,
    "reference_price": 0.83,
    "iva": 21,
    "reference_unit": "1 U",
    "date": "2023-01-17"
  },
  {
    "id": 22505,
    "name": "Abrillantador Lavavajillas CONSUM",
    "description": "Abrillantador Lavavajillas 0,75 L",
    "category": "Aditivos y limpiamáquinas",
    "url": "https://tienda.consum.es/es/p/abrillantador-lavavajillas/7332661",
    "price": 1.2,
    "reference_price": 1.6,
    "iva": 21,
    "reference_unit": "1 L",
    "date": "2023-01-17"
  },
  {
    "id": 22507,
    "name": "Bol Aperitivo de Caña de Azúcar BETIK",
    "description": "Bol Aperitivo de Caña de Azúcar 8 U",
    "category": "Desechables",
    "url": "https://tienda.consum.es/es/p/bol-aperitivo-de-cana-de-azucar/7337616",
    "price": 1.19,
    "reference_price": 0.15,
    "iva": 21,
    "reference_unit": "1 U",
    "date": "2023-01-17"
  },
  {
    "id": 22509,
    "name": "Labial Matte Liquid 21 GIO GIOVANNI",
    "description": "Labial Matte Liquid 21 1 U",
    "category": "Labiales",
    "url": "https://tienda.consum.es/es/p/labial-matte-liquid-21/7339166",
    "price": 3.95,
    "reference_price": 3.95,
    "iva": 21,
    "reference_unit": "1 U",
    "date": "2023-01-17"
  },
  {
    "id": 22510,
    "name": "Labial Matte Liquid 29 GIO GIOVANNI",
    "description": "Labial Matte Liquid 29 1 U",
    "category": "Labiales",
    "url": "https://tienda.consum.es/es/p/labial-matte-liquid-29/7339182",
    "price": 3.95,
    "reference_price": 3.95,
    "iva": 21,
    "reference_unit": "1 U",
    "date": "2023-01-17"
  },
  {
    "id": 22511,
    "name": "Perfilador Labios Nº7 Coral GIO GIOVANNI",
    "description": "Perfilador Labios Nº7 Coral 1 U",
    "category": "Labiales",
    "url": "https://tienda.consum.es/es/p/perfilador-labios-n7-coral/7339232",
    "price": 2.25,
    "reference_price": 2.25,
    "iva": 21,
    "reference_unit": "1 U",
    "date": "2023-01-17"
  },
  {
    "id": 22517,
    "name": "Clorhexidina TECSANIA",
    "description": "Clorhexidina 125 ml",
    "category": "Alcohol, agua oxigenada y otros",
    "url": "https://tienda.consum.es/es/p/clorhexidina/7339562",
    "price": 3.5,
    "reference_price": 2.8,
    "iva": 10,
    "reference_unit": "100 ml",
    "date": "2023-01-17"
  },
  {
    "id": 22518,
    "name": "Magdalena Choco Chips Zero HERAS",
    "description": "Magdalena Choco Chips Zero 256 Gr",
    "category": "Bollería industrial",
    "url": "https://tienda.consum.es/es/p/magdalena-choco-chips-zero/7339620",
    "price": 1.85,
    "reference_price": 8.22,
    "iva": 10,
    "reference_unit": "1 Kg",
    "date": "2023-01-17"
  },
  {
    "id": 22523,
    "name": "Molde Tarta Hondo Vidrio 23 cm QUTTIN",
    "description": "Molde Tarta Hondo Vidrio 23 cm 1 U",
    "category": "Menaje cocina",
    "url": "https://tienda.consum.es/es/p/molde-tarta-hondo-vidrio-23-cm/7339802",
    "price": 5.49,
    "reference_price": 5.49,
    "iva": 21,
    "reference_unit": "1 U",
    "date": "2023-01-17"
  },
  {
    "id": 22526,
    "name": "Arroz Largo Pack de 2 BRILLANTE",
    "description": "Arroz Largo Pack de 2 200 Gr",
    "category": "Arroz",
    "url": "https://tienda.consum.es/es/p/arroz-largo-pack-de-2/7340248",
    "price": 2.15,
    "reference_price": 5.38,
    "iva": 10,
    "reference_unit": "1 Kg",
    "date": "2023-01-17"
  },
  {
    "id": 22528,
    "name": "Freixenet sin Alcohol FREIXENET",
    "description": "Freixenet sin Alcohol 0,75 L",
    "category": "Cavas y sidras",
    "url": "https://tienda.consum.es/es/p/freixenet-sin-alcohol/7340300",
    "price": 5.99,
    "reference_price": 7.99,
    "iva": 21,
    "reference_unit": "1 L",
    "date": "2023-01-17"
  },
  {
    "id": 22532,
    "name": "Perfilador Labios Nº06 Nude GIO GIOVANNI",
    "description": "Perfilador Labios Nº06 Nude 1 U",
    "category": "Labiales",
    "url": "https://tienda.consum.es/es/p/perfilador-labios-n06-nude/7246184",
    "price": 2.25,
    "reference_price": 2.25,
    "iva": 21,
    "reference_unit": "1 U",
    "date": "2023-01-17"
  },
  {
    "id": 22533,
    "name": "Perfilador Labios Nº02 Marsala GIO GIOVANNI",
    "description": "Perfilador Labios Nº02 Marsala 1 U",
    "category": "Labiales",
    "url": "https://tienda.consum.es/es/p/perfilador-labios-n02-marsala/7282031",
    "price": 2.25,
    "reference_price": 2.25,
    "iva": 21,
    "reference_unit": "1 U",
    "date": "2023-01-17"
  },
  {
    "id": 22536,
    "name": "Eyeliner Tatoo Gel 900 MAYBELLINE",
    "description": "Eyeliner Tatoo Gel 900 1 U",
    "category": "Ojos",
    "url": "https://tienda.consum.es/es/p/eyeliner-tatoo-gel-900/7327880",
    "price": 4.95,
    "reference_price": 4.95,
    "iva": 21,
    "reference_unit": "1 U",
    "date": "2023-01-17"
  },
  {
    "id": 22538,
    "name": "Cucharilla de Maíz 12 cm BETIK",
    "description": "Cucharilla de Maíz 12 cm 6 U",
    "category": "Cubiertos, vasos y vajilla",
    "url": "https://tienda.consum.es/es/p/cucharilla-de-maiz-12-cm/7337157",
    "price": 0.85,
    "reference_price": 0.14,
    "iva": 21,
    "reference_unit": "1 U",
    "date": "2023-01-17"
  },
  {
    "id": 22544,
    "name": "Labial Matte Liquid 26 GIO GIOVANNI",
    "description": "Labial Matte Liquid 26 1 U",
    "category": "Labiales",
    "url": "https://tienda.consum.es/es/p/labial-matte-liquid-26/7339174",
    "price": 3.95,
    "reference_price": 3.95,
    "iva": 21,
    "reference_unit": "1 U",
    "date": "2023-01-17"
  },
  {
    "id": 22545,
    "name": "Labial Matte Liquid 27 GIO GIOVANNI",
    "description": "Labial Matte Liquid 27 1 U",
    "category": "Labiales",
    "url": "https://tienda.consum.es/es/p/labial-matte-liquid-27/7339179",
    "price": 3.95,
    "reference_price": 3.95,
    "iva": 21,
    "reference_unit": "1 U",
    "date": "2023-01-17"
  },
  {
    "id": 22546,
    "name": "Labial Matte Liquid 30 GIO GIOVANNI",
    "description": "Labial Matte Liquid 30 1 U",
    "category": "Labiales",
    "url": "https://tienda.consum.es/es/p/labial-matte-liquid-30/7339187",
    "price": 3.95,
    "reference_price": 3.95,
    "iva": 21,
    "reference_unit": "1 U",
    "date": "2023-01-17"
  },
  {
    "id": 22547,
    "name": "Labial Matte Liquid 31 GIO GIOVANNI",
    "description": "Labial Matte Liquid 31 1 U",
    "category": "Labiales",
    "url": "https://tienda.consum.es/es/p/labial-matte-liquid-31/7339190",
    "price": 3.95,
    "reference_price": 3.95,
    "iva": 21,
    "reference_unit": "1 U",
    "date": "2023-01-17"
  },
  {
    "id": 22550,
    "name": "Fuente Rectangular Vidrio 39x24 cm QUTTIN",
    "description": "Fuente Rectangular Vidrio 39x24 cm 1 U",
    "category": "Menaje cocina",
    "url": "https://tienda.consum.es/es/p/fuente-rectangular-vidrio-39x24-cm/7339786",
    "price": 8.79,
    "reference_price": 8.79,
    "iva": 21,
    "reference_unit": "1 U",
    "date": "2023-01-17"
  },
  {
    "id": 22552,
    "name": "Aderezo para Cava Drink & Fresas COCKTELEA",
    "description": "Aderezo para Cava Drink & Fresas 12 Gr",
    "category": "Sal y especias",
    "url": "https://tienda.consum.es/es/p/aderezo-para-cava-drink-fresas/7340235",
    "price": 3.75,
    "reference_price": 31.25,
    "iva": 10,
    "reference_unit": "100 Gr",
    "date": "2023-01-17"
  },
  {
    "id": 22554,
    "name": "Cerveza Especial Lata AMBAR",
    "description": "Cerveza Especial Lata 0,33 L",
    "category": "Nacional lata",
    "url": "https://tienda.consum.es/es/p/cerveza-especial-lata/7340628",
    "price": 0.79,
    "reference_price": 2.39,
    "iva": 21,
    "reference_unit": "1 L",
    "date": "2023-01-17"
  },
  {
    "id": 22555,
    "name": "Perfilador Labios Nº04 Rosa Palo GIO GIOVANNI",
    "description": "Perfilador Labios Nº04 Rosa Palo 1 U",
    "category": "Labiales",
    "url": "https://tienda.consum.es/es/p/perfilador-labios-n04-rosa-palo/7282049",
    "price": 2.25,
    "reference_price": 2.25,
    "iva": 21,
    "reference_unit": "1 U",
    "date": "2023-01-17"
  },
  {
    "id": 22556,
    "name": "Tattoo Liner Gel Nº920 MAYBELLINE",
    "description": "Tattoo Liner Gel Nº920 1 U",
    "category": "Ojos",
    "url": "https://tienda.consum.es/es/p/tattoo-liner-gel-n920/7334852",
    "price": 4.99,
    "reference_price": 4.99,
    "iva": 21,
    "reference_unit": "1 U",
    "date": "2023-01-17"
  },
  {
    "id": 22557,
    "name": "Tatto Liner Gel Nº921 MAYBELLINE",
    "description": "Tatto Liner Gel Nº921 1 U",
    "category": "Ojos",
    "url": "https://tienda.consum.es/es/p/tatto-liner-gel-n921/7334860",
    "price": 4.95,
    "reference_price": 4.95,
    "iva": 21,
    "reference_unit": "1 U",
    "date": "2023-01-17"
  },
  {
    "id": 22563,
    "name": "Jarra Vidrio Graduada 500 cc QUTTIN",
    "description": "Jarra Vidrio Graduada 500 cc 1 U",
    "category": "Menaje cocina",
    "url": "https://tienda.consum.es/es/p/jarra-vidrio-graduada-500-cc/7339794",
    "price": 5.49,
    "reference_price": 5.49,
    "iva": 21,
    "reference_unit": "1 U",
    "date": "2023-01-17"
  },
  {
    "id": 22566,
    "name": "Queso en Cortadas Mezcla Semicurado GRAN CAPITAN",
    "description": "Queso en Cortadas Mezcla Semicurado 230 Gr",
    "category": "Semicurados",
    "url": "https://tienda.consum.es/es/p/queso-en-cortadas-mezcla-semicurado/7340495",
    "price": 5.14,
    "reference_price": 22.35,
    "iva": 0,
    "reference_unit": "1 Kg",
    "date": "2023-01-17"
  },
  {
    "id": 22567,
    "name": "Queso Reserva Cortadas Curación 10 meses GRAN CAPITAN",
    "description": "Queso Reserva Cortadas Curación 10 meses 200 Gr",
    "category": "Quesos Curados",
    "url": "https://tienda.consum.es/es/p/queso-reserva-cortadas-curacion-10-meses/7340503",
    "price": 5.53,
    "reference_price": 27.65,
    "iva": 0,
    "reference_unit": "1 Kg",
    "date": "2023-01-17"
  },
  {
    "id": 22578,
    "name": "Chorizo Extra Asturiano EL HORREO",
    "description": "Chorizo Extra Asturiano 180 Gr",
    "category": "Embutido",
    "url": "https://tienda.consum.es/es/p/chorizo-extra-asturiano/7338676",
    "price": 1.95,
    "reference_price": 10.83,
    "iva": 10,
    "reference_unit": "1 Kg",
    "date": "2023-01-17"
  },
  {
    "id": 22590,
    "name": "Barra Labios Matte Ink Pink Nº140 MAYBELLINE",
    "description": "Barra Labios Matte Ink Pink Nº140 1 U",
    "category": "Labiales",
    "url": "https://tienda.consum.es/es/p/barra-labios-matte-ink-pink-n140/7340607",
    "price": 8.5,
    "reference_price": 8.5,
    "iva": 21,
    "reference_unit": "1 U",
    "date": "2023-01-17"
  },
  {
    "id": 22595,
    "name": "Porción Cheesecake Oreo ",
    "description": "Porción Cheesecake Oreo 100 Gr",
    "category": "Tartas ",
    "url": "https://tienda.consum.es/es/p/porcion-cheesecake-oreo/7340862",
    "price": 2.99,
    "reference_price": 29.9,
    "iva": 10,
    "reference_unit": "1 Kg",
    "date": "2023-01-17"
  },
  {
    "id": 22600,
    "name": "Polvo Glam Bronze 2 Tierra L'OREAL",
    "description": "Polvo Glam Bronze 2 Tierra 1 U",
    "category": "Rostro",
    "url": "https://tienda.consum.es/es/p/polvo-glam-bronze-2-tierra/7283914",
    "price": 11.9,
    "reference_price": 11.9,
    "iva": 21,
    "reference_unit": "1 U",
    "date": "2023-01-17"
  },
  {
    "id": 22601,
    "name": "Polvo Glam Bronze 4 Tierra L'OREAL",
    "description": "Polvo Glam Bronze 4 Tierra 1 U",
    "category": "Rostro",
    "url": "https://tienda.consum.es/es/p/polvo-glam-bronze-4-tierra/7283922",
    "price": 11.9,
    "reference_price": 11.9,
    "iva": 21,
    "reference_unit": "1 U",
    "date": "2023-01-17"
  },
  {
    "id": 22604,
    "name": "Queso Semicurado Mezcla GRANJA LUZ",
    "description": "Queso Semicurado Mezcla 950 Gr",
    "category": "Semicurados",
    "url": "https://tienda.consum.es/es/p/queso-semicurado-mezcla/7340578",
    "price": 7.76,
    "reference_price": 8.17,
    "iva": 0,
    "reference_unit": "1 Kg",
    "date": "2023-01-17"
  },
  {
    "id": 22605,
    "name": "Bolsas Vacío Dos Rollos FLISS",
    "description": "Bolsas Vacío Dos Rollos 2 U",
    "category": "Droguería y limpieza",
    "url": "https://tienda.consum.es/es/p/bolsas-vacio-dos-rollos/7340771",
    "price": 4.49,
    "reference_price": 2.25,
    "iva": 21,
    "reference_unit": "1 U",
    "date": "2023-01-17"
  },
  {
    "id": 22606,
    "name": "Activia 00% Semillas Chía y Almendra DANONE",
    "description": "Activia 00% Semillas Chía y Almendra 4 x 115 Gr",
    "category": "Bífidus",
    "url": "https://tienda.consum.es/es/p/activia-00-semillas-chia-y-almendra/7340953",
    "price": 2.89,
    "reference_price": 6.28,
    "iva": 10,
    "reference_unit": "1 Kg",
    "date": "2023-01-17"
  },
  {
    "id": 22608,
    "name": "Alubias con Seta Shiitake CONSUM",
    "description": "Alubias con Seta Shiitake 375 Gr",
    "category": "Alubias",
    "url": "https://tienda.consum.es/es/p/alubias-con-seta-shiitake/7332856",
    "price": 1.99,
    "reference_price": 5.31,
    "iva": 10,
    "reference_unit": "1 Kg",
    "date": "2023-01-17"
  },
  {
    "id": 22609,
    "name": "Garbanzos con Trufa Negra CONSUM",
    "description": "Garbanzos con Trufa Negra 400 Gr",
    "category": "Garbanzos",
    "url": "https://tienda.consum.es/es/p/garbanzos-con-trufa-negra/7332864",
    "price": 2.35,
    "reference_price": 5.88,
    "iva": 10,
    "reference_unit": "1 Kg",
    "date": "2023-01-17"
  },
  {
    "id": 22611,
    "name": "Maquinilla Desechable Blue II Fija GILLETTE",
    "description": "Maquinilla Desechable Blue II Fija 20 U",
    "category": "Maquinillas de afeitar",
    "url": "https://tienda.consum.es/es/p/maquinilla-desechable-blue-ii-fija/7339666",
    "price": 8,
    "reference_price": 0.4,
    "iva": 21,
    "reference_unit": "1 U",
    "date": "2023-01-17"
  },
  {
    "id": 22612,
    "name": "Cerveza Doble IPA Botella HOPPY FLOWER",
    "description": "Cerveza Doble IPA Botella 0,33 L",
    "category": "Especialidades",
    "url": "https://tienda.consum.es/es/p/cerveza-doble-ipa-botella/7339773",
    "price": 1.69,
    "reference_price": 5.12,
    "iva": 21,
    "reference_unit": "1 L",
    "date": "2023-01-17"
  },
  {
    "id": 22613,
    "name": "Queso Emmental Francés Leche Pasteurizada ROYAL ORANGE",
    "description": "Queso Emmental Francés Leche Pasteurizada 250 Gr",
    "category": "Emmental y gruyere",
    "url": "https://tienda.consum.es/es/p/queso-emmental-frances-leche-pasteurizada/7339807",
    "price": 3.36,
    "reference_price": 13.44,
    "iva": 0,
    "reference_unit": "1 Kg",
    "date": "2023-01-17"
  },
  {
    "id": 22614,
    "name": "Vasos Pla 1000 cc Desechable BETIK",
    "description": "Vasos Pla 1000 cc Desechable 10 U",
    "category": "Cubiertos, vasos y vajilla",
    "url": "https://tienda.consum.es/es/p/vasos-pla-1000-cc-desechable/7340987",
    "price": 3.39,
    "reference_price": 0.34,
    "iva": 21,
    "reference_unit": "1 U",
    "date": "2023-01-17"
  },
  {
    "id": 22615,
    "name": "Cañitas Papel de 14 cm BETIK",
    "description": "Cañitas Papel de 14 cm 48 U",
    "category": "Cubiertos, vasos y vajilla",
    "url": "https://tienda.consum.es/es/p/canitas-papel-de-14-cm/7340990",
    "price": 1.25,
    "reference_price": 0.03,
    "iva": 21,
    "reference_unit": "1 U",
    "date": "2023-01-17"
  },
  {
    "id": 22616,
    "name": "Colonia Clásica Fresh S-3",
    "description": "Colonia Clásica Fresh 750 ml",
    "category": "Familiar",
    "url": "https://tienda.consum.es/es/p/colonia-clasica-fresh/7341220",
    "price": 3.1,
    "reference_price": 0.41,
    "iva": 21,
    "reference_unit": "100 ml",
    "date": "2023-01-17"
  },
  {
    "id": 22617,
    "name": "Tortilla Integral Paquete 8 Unidades MEXIFOODS",
    "description": "Tortilla Integral Paquete 8 Unidades 320 Gr",
    "category": "Pan de hamburguesa, hot dog y wraps",
    "url": "https://tienda.consum.es/es/p/tortilla-integral-paquete-8-unidades/7341345",
    "price": 1.79,
    "reference_price": 5.59,
    "iva": 10,
    "reference_unit": "1 Kg",
    "date": "2023-01-17"
  },
  {
    "id": 22621,
    "name": "Colgador WC Dúo Poder Activo Natura BREF",
    "description": "Colgador WC Dúo Poder Activo Natura 2 U",
    "category": "Limpieza baños",
    "url": "https://tienda.consum.es/es/p/colgador-wc-duo-poder-activo-natura/7308443",
    "price": 3.25,
    "reference_price": 1.63,
    "iva": 21,
    "reference_unit": "1 U",
    "date": "2023-01-17"
  },
  {
    "id": 22622,
    "name": "Barra de Labios 115 Matte Ink Bricks MAYBELLINE",
    "description": "Barra de Labios 115 Matte Ink Bricks 1 U",
    "category": "Labiales",
    "url": "https://tienda.consum.es/es/p/barra-de-labios-115-matte-ink-bricks/7319481",
    "price": 8.5,
    "reference_price": 8.5,
    "iva": 21,
    "reference_unit": "1 U",
    "date": "2023-01-17"
  },
  {
    "id": 22626,
    "name": "Margarina Ligera Tarrina CONSUM",
    "description": "Margarina Ligera Tarrina 500 Gr",
    "category": "Mantequilla y margarina",
    "url": "https://tienda.consum.es/es/p/margarina-ligera-tarrina/7333073",
    "price": 1.5,
    "reference_price": 3,
    "iva": 10,
    "reference_unit": "1 Kg",
    "date": "2023-01-17"
  },
  {
    "id": 22637,
    "name": "Barra Labios Superstay Matte Ink City 120 MAYBELLINE",
    "description": "Barra Labios Superstay Matte Ink City 120 1 U",
    "category": "Labiales",
    "url": "https://tienda.consum.es/es/p/barra-labios-superstay-matte-ink-city-120/7341089",
    "price": 8.5,
    "reference_price": 8.5,
    "iva": 21,
    "reference_unit": "1 U",
    "date": "2023-01-17"
  },
  {
    "id": 22642,
    "name": "Borrador Ojos 07 MAYBELLINE",
    "description": "Borrador Ojos 07 1 U",
    "category": "Rostro",
    "url": "https://tienda.consum.es/es/p/borrador-ojos-07/7341113",
    "price": 9.79,
    "reference_price": 9.79,
    "iva": 21,
    "reference_unit": "1 U",
    "date": "2023-01-17"
  },
  {
    "id": 22644,
    "name": "Wraps Semillas Paqueta 6 Unidades ZANUY",
    "description": "Wraps Semillas Paqueta 6 Unidades 240 Gr",
    "category": "Pan de hamburguesa, hot dog y wraps",
    "url": "https://tienda.consum.es/es/p/wraps-semillas-paqueta-6-unidades/7341332",
    "price": 1.69,
    "reference_price": 7.04,
    "iva": 10,
    "reference_unit": "1 Kg",
    "date": "2023-01-17"
  },
  {
    "id": 22645,
    "name": "Barra Huerta ",
    "description": "Barra Huerta 255 Gr",
    "category": "Pan de horno",
    "url": "https://tienda.consum.es/es/p/barra-huerta/7341340",
    "price": 0.82,
    "reference_price": 3.22,
    "iva": 0,
    "reference_unit": "1 Kg",
    "date": "2023-01-17"
  },
  {
    "id": 22647,
    "name": "Bolsa M&M Cacahuete MARS",
    "description": "Bolsa M&M Cacahuete 70 Gr",
    "category": "Chocolatinas y bombones",
    "url": "https://tienda.consum.es/es/p/bolsa-mm-cacahuete/7341410",
    "price": 1.29,
    "reference_price": 18.43,
    "iva": 10,
    "reference_unit": "1 Kg",
    "date": "2023-01-17"
  },
  {
    "id": 22648,
    "name": "Colonia AITANA",
    "description": "Colonia 80 ml",
    "category": "Femeninas",
    "url": "https://tienda.consum.es/es/p/colonia/7341431",
    "price": 12.95,
    "reference_price": 16.19,
    "iva": 21,
    "reference_unit": "100 ml",
    "date": "2023-01-17"
  },
  {
    "id": 22654,
    "name": "Fideos Orientales Hot&Spicy Yatekomo G.BLANCA",
    "description": "Fideos Orientales Hot&Spicy Yatekomo 60 Gr",
    "category": "Asiático",
    "url": "https://tienda.consum.es/es/p/fideos-orientales-hotspicy-yatekomo/7341514",
    "price": 1.39,
    "reference_price": 23.17,
    "iva": 10,
    "reference_unit": "1 Kg",
    "date": "2023-01-17"
  },
  {
    "id": 22657,
    "name": "Vino Tinto D.O.Ribera del Duero FIN.RESALSO",
    "description": "Vino Tinto D.O.Ribera del Duero 0,75 L",
    "category": "Vinos d.o",
    "url": "https://tienda.consum.es/es/p/vino-tinto-doribera-del-duero/7341543",
    "price": 8.89,
    "reference_price": 11.85,
    "iva": 21,
    "reference_unit": "1 L",
    "date": "2023-01-17"
  },
  {
    "id": 22658,
    "name": "Mascarilla Facial Tejido Carbón GARNIER",
    "description": "Mascarilla Facial Tejido Carbón 1 U",
    "category": "Tratamiento",
    "url": "https://tienda.consum.es/es/p/mascarilla-facial-tejido-carbon/7341550",
    "price": 2.49,
    "reference_price": 2.49,
    "iva": 21,
    "reference_unit": "1 U",
    "date": "2023-01-17"
  },
  {
    "id": 22664,
    "name": "Margarina Vegetal Tarrina CONSUM",
    "description": "Margarina Vegetal Tarrina 500 Gr",
    "category": "Mantequilla y margarina",
    "url": "https://tienda.consum.es/es/p/margarina-vegetal-tarrina/7333065",
    "price": 1.55,
    "reference_price": 3.1,
    "iva": 10,
    "reference_unit": "1 Kg",
    "date": "2023-01-17"
  },
  {
    "id": 22666,
    "name": "Pan Molde Natural sin Corteza BIMBO",
    "description": "Pan Molde Natural sin Corteza 450 Gr",
    "category": "Pan de molde",
    "url": "https://tienda.consum.es/es/p/pan-molde-natural-sin-corteza/7340938",
    "price": 2.69,
    "reference_price": 5.98,
    "iva": 10,
    "reference_unit": "1 Kg",
    "date": "2023-01-17"
  },
  {
    "id": 22668,
    "name": "Tarta de Galleta Bombón ",
    "description": "Tarta de Galleta Bombón 500 Gr",
    "category": "Tartas ",
    "url": "https://tienda.consum.es/es/p/tarta-de-galleta-bombon/7340966",
    "price": 6.89,
    "reference_price": 13.78,
    "iva": 10,
    "reference_unit": "1 Kg",
    "date": "2023-01-17"
  },
  {
    "id": 22671,
    "name": "Calcio, Magnesio y Vitaminas D3 NATURTIERRA",
    "description": "Calcio, Magnesio y Vitaminas D3 45 U",
    "category": "Fitoterapia",
    "url": "https://tienda.consum.es/es/p/calcio-magnesio-y-vitaminas-d3/7341654",
    "price": 4.25,
    "reference_price": 0.09,
    "iva": 10,
    "reference_unit": "1 U",
    "date": "2023-01-17"
  },
  {
    "id": 22672,
    "name": "Máscara Bambi Negro 01 Lash L'OREAL",
    "description": "Máscara Bambi Negro 01 Lash 1 U",
    "category": "Ojos",
    "url": "https://tienda.consum.es/es/p/mascara-bambi-negro-01-lash/7341824",
    "price": 13.9,
    "reference_price": 13.9,
    "iva": 21,
    "reference_unit": "1 U",
    "date": "2023-01-17"
  },
  {
    "id": 22675,
    "name": "Pila 6LR61 9V Súper Alkaline CEGASA",
    "description": "Pila 6LR61 9V Súper Alkaline 1 U",
    "category": "Electricidad, pilas y bombillas",
    "url": "https://tienda.consum.es/es/p/pila-6lr61-9v-super-alkaline/7342074",
    "price": 3.85,
    "reference_price": 3.85,
    "iva": 21,
    "reference_unit": "1 U",
    "date": "2023-01-17"
  },
  {
    "id": 22676,
    "name": "Magic Retouch 1 Negro Cepillo MAGIC RETOUC",
    "description": "Magic Retouch 1 Negro Cepillo 1 U",
    "category": "Coloración",
    "url": "https://tienda.consum.es/es/p/magic-retouch-1-negro-cepillo/7342277",
    "price": 7.49,
    "reference_price": 7.49,
    "iva": 21,
    "reference_unit": "1 U",
    "date": "2023-01-17"
  },
  {
    "id": 22677,
    "name": "Magic Retouch 2 Moreno Cepillo MAGIC RETOUC",
    "description": "Magic Retouch 2 Moreno Cepillo 1 U",
    "category": "Coloración",
    "url": "https://tienda.consum.es/es/p/magic-retouch-2-moreno-cepillo/7342301",
    "price": 7.49,
    "reference_price": 7.49,
    "iva": 21,
    "reference_unit": "1 U",
    "date": "2023-01-17"
  },
  {
    "id": 22678,
    "name": "Leche Desnatada Botella PASCUAL",
    "description": "Leche Desnatada Botella 1,5 L",
    "category": "Desnatada",
    "url": "https://tienda.consum.es/es/p/leche-desnatada-botella/7342335",
    "price": 1.91,
    "reference_price": 1.27,
    "iva": 0,
    "reference_unit": "1 L",
    "date": "2023-01-17"
  },
  {
    "id": 22679,
    "name": "Leche Entera Botella PASCUAL",
    "description": "Leche Entera Botella 1,5 L",
    "category": "Entera",
    "url": "https://tienda.consum.es/es/p/leche-entera-botella/7342343",
    "price": 1.91,
    "reference_price": 1.27,
    "iva": 0,
    "reference_unit": "1 L",
    "date": "2023-01-17"
  },
  {
    "id": 22680,
    "name": "Leche Semidesnatada Botella PASCUAL",
    "description": "Leche Semidesnatada Botella 1,5 L",
    "category": "Semidesnatada",
    "url": "https://tienda.consum.es/es/p/leche-semidesnatada-botella/7342350",
    "price": 1.91,
    "reference_price": 1.27,
    "iva": 0,
    "reference_unit": "1 L",
    "date": "2023-01-17"
  },
  {
    "id": 22681,
    "name": "Magic Retouch3 Castaño Cepillo MAGIC RETOUC",
    "description": "Magic Retouch3 Castaño Cepillo 1 U",
    "category": "Coloración",
    "url": "https://tienda.consum.es/es/p/magic-retouch3-castano-cepillo/7342363",
    "price": 7.49,
    "reference_price": 7.49,
    "iva": 21,
    "reference_unit": "1 U",
    "date": "2023-01-17"
  },
  {
    "id": 22682,
    "name": "Magic Retouch 4 Beige Cepillo MAGIC RETOUC",
    "description": "Magic Retouch 4 Beige Cepillo 1 U",
    "category": "Coloración",
    "url": "https://tienda.consum.es/es/p/magic-retouch-4-beige-cepillo/7342368",
    "price": 7.49,
    "reference_price": 7.49,
    "iva": 21,
    "reference_unit": "1 U",
    "date": "2023-01-17"
  },
  {
    "id": 22683,
    "name": "Magic Retouch 5 Rubio Cepillo MAGIC RETOUC",
    "description": "Magic Retouch 5 Rubio Cepillo 1 U",
    "category": "Coloración",
    "url": "https://tienda.consum.es/es/p/magic-retouch-5-rubio-cepillo/7342371",
    "price": 7.49,
    "reference_price": 7.49,
    "iva": 21,
    "reference_unit": "1 U",
    "date": "2023-01-17"
  },
  {
    "id": 22686,
    "name": "Bebida Naranja Brik D. SIMON",
    "description": "Bebida Naranja Brik 2 L",
    "category": "Zumos y néctares sin azúcar",
    "url": "https://tienda.consum.es/es/p/bebida-naranja-brik/7342710",
    "price": 1.1,
    "reference_price": 0.55,
    "iva": 21,
    "reference_unit": "1 L",
    "date": "2023-01-17"
  },
  {
    "id": 22687,
    "name": "Panecillo 10 Unidades ",
    "description": "Panecillo 10 Unidades 450 Gr",
    "category": "Panecillos",
    "url": "https://tienda.consum.es/es/p/panecillo-10-unidades/7342780",
    "price": 0.96,
    "reference_price": 2.13,
    "iva": 0,
    "reference_unit": "1 Kg",
    "date": "2023-01-17"
  },
  {
    "id": 22689,
    "name": "Suavizante Concentrado Brisa de Santorini CONSUM",
    "description": "Suavizante Concentrado Brisa de Santorini 60 Lv",
    "category": "Suavizante",
    "url": "https://tienda.consum.es/es/p/suavizante-concentrado-brisa-de-santorini/7330384",
    "price": 2.39,
    "reference_price": 0.04,
    "iva": 21,
    "reference_unit": "1 Lv",
    "date": "2023-01-17"
  },
  {
    "id": 22690,
    "name": "Suavizante Concentrado Aire de Ceilán CONSUM",
    "description": "Suavizante Concentrado Aire de Ceilán 60 Lv",
    "category": "Suavizante",
    "url": "https://tienda.consum.es/es/p/suavizante-concentrado-aire-de-ceilan/7330389",
    "price": 2.39,
    "reference_price": 0.04,
    "iva": 21,
    "reference_unit": "1 Lv",
    "date": "2023-01-17"
  },
  {
    "id": 22691,
    "name": "Suavizante Concentrado Sol de Antioquia CONSUM",
    "description": "Suavizante Concentrado Sol de Antioquia 60 Lv",
    "category": "Suavizante",
    "url": "https://tienda.consum.es/es/p/suavizante-concentrado-sol-de-antioquia/7330392",
    "price": 2.39,
    "reference_price": 0.04,
    "iva": 21,
    "reference_unit": "1 Lv",
    "date": "2023-01-17"
  },
  {
    "id": 22692,
    "name": "Café Soluble Liofilizado Oro CONSUM",
    "description": "Café Soluble Liofilizado Oro 100 Gr",
    "category": "Café Soluble ",
    "url": "https://tienda.consum.es/es/p/cafe-soluble-liofilizado-oro/7086411",
    "price": 3,
    "reference_price": 30,
    "iva": 10,
    "reference_unit": "1 Kg",
    "date": "2023-01-17"
  },
  {
    "id": 22693,
    "name": "Laca de Uñas Nº16 Gel Effect GIO GIOVANNI",
    "description": "Laca de Uñas Nº16 Gel Effect 1 U",
    "category": "Uñas",
    "url": "https://tienda.consum.es/es/p/laca-de-unas-n16-gel-effect/7272391",
    "price": 1.85,
    "reference_price": 1.85,
    "iva": 21,
    "reference_unit": "1 U",
    "date": "2023-01-17"
  },
  {
    "id": 22699,
    "name": "Guante Desechable Nitrilo Talla M CONSUM",
    "description": "Guante Desechable Nitrilo Talla M 30 U",
    "category": "Guantes domésticos",
    "url": "https://tienda.consum.es/es/p/guante-desechable-nitrilo-talla-m/7329923",
    "price": 3,
    "reference_price": 0.1,
    "iva": 21,
    "reference_unit": "1 U",
    "date": "2023-01-17"
  },
  {
    "id": 22702,
    "name": "Bebida de Avena y Nueces Brik YOSOY",
    "description": "Bebida de Avena y Nueces Brik 1 L",
    "category": "Bebidas vegetales",
    "url": "https://tienda.consum.es/es/p/bebida-de-avena-y-nueces-brik/7338895",
    "price": 2.45,
    "reference_price": 2.45,
    "iva": 10,
    "reference_unit": "1 L",
    "date": "2023-01-17"
  },
  {
    "id": 22703,
    "name": "Cereales Solubles CONSUM",
    "description": "Cereales Solubles 200 Gr",
    "category": "Cacao y cereales solubles",
    "url": "https://tienda.consum.es/es/p/cereales-solubles/7339307",
    "price": 2.4,
    "reference_price": 12,
    "iva": 10,
    "reference_unit": "1 Kg",
    "date": "2023-01-17"
  },
  {
    "id": 22705,
    "name": "Set Rasqueta y Esponja Microfibra Hergo VIGAR",
    "description": "Set Rasqueta y Esponja Microfibra Hergo 1 U",
    "category": "Otros utensilios de limpieza",
    "url": "https://tienda.consum.es/es/p/set-rasqueta-y-esponja-microfibra-hergo/7340727",
    "price": 2.99,
    "reference_price": 2.99,
    "iva": 21,
    "reference_unit": "1 U",
    "date": "2023-01-17"
  },
  {
    "id": 22706,
    "name": "Escoba Básica con Palo Bamboo Print Grey VIGAR",
    "description": "Escoba Básica con Palo Bamboo Print Grey 1 U",
    "category": "Escoba y recogedor",
    "url": "https://tienda.consum.es/es/p/escoba-basica-con-palo-bamboo-print-grey/7340730",
    "price": 9.99,
    "reference_price": 9.99,
    "iva": 21,
    "reference_unit": "1 U",
    "date": "2023-01-17"
  },
  {
    "id": 22707,
    "name": "Recogedor Plegable Bamboo Print Grey VIGAR",
    "description": "Recogedor Plegable Bamboo Print Grey 1 U",
    "category": "Escoba y recogedor",
    "url": "https://tienda.consum.es/es/p/recogedor-plegable-bamboo-print-grey/7340735",
    "price": 5.99,
    "reference_price": 5.99,
    "iva": 21,
    "reference_unit": "1 U",
    "date": "2023-01-17"
  },
  {
    "id": 22708,
    "name": "Fregona Microfibra Bamboo Print Grey VIGAR",
    "description": "Fregona Microfibra Bamboo Print Grey 1 U",
    "category": "Fregonas",
    "url": "https://tienda.consum.es/es/p/fregona-microfibra-bamboo-print-grey/7340748",
    "price": 9.99,
    "reference_price": 9.99,
    "iva": 21,
    "reference_unit": "1 U",
    "date": "2023-01-17"
  },
  {
    "id": 22709,
    "name": "Cubo con Escurridor Bamboo Print Grey VIGAR",
    "description": "Cubo con Escurridor Bamboo Print Grey 1 U",
    "category": "Cubos y barreños",
    "url": "https://tienda.consum.es/es/p/cubo-con-escurridor-bamboo-print-grey/7340750",
    "price": 5.99,
    "reference_price": 5.99,
    "iva": 21,
    "reference_unit": "1 U",
    "date": "2023-01-17"
  },
  {
    "id": 22710,
    "name": "Cepillo Lavaplatos Bamboo Print Grey VIGAR",
    "description": "Cepillo Lavaplatos Bamboo Print Grey 1 U",
    "category": "Otros utensilios de limpieza",
    "url": "https://tienda.consum.es/es/p/cepillo-lavaplatos-bamboo-print-grey/7340763",
    "price": 2.99,
    "reference_price": 2.99,
    "iva": 21,
    "reference_unit": "1 U",
    "date": "2023-01-17"
  },
  {
    "id": 22711,
    "name": "Plumero Microfibra Red Bamboo Print Grey VIGAR",
    "description": "Plumero Microfibra Red Bamboo Print Grey 1 U",
    "category": "Otros utensilios de limpieza",
    "url": "https://tienda.consum.es/es/p/plumero-microfibra-red-bamboo-print-grey/7340768",
    "price": 4.29,
    "reference_price": 4.29,
    "iva": 21,
    "reference_unit": "1 U",
    "date": "2023-01-17"
  },
  {
    "id": 22716,
    "name": "Detergente Discos Cuatro en Uno WIPP",
    "description": "Detergente Discos Cuatro en Uno 30 Lv",
    "category": "Máquina pastilla",
    "url": "https://tienda.consum.es/es/p/detergente-discos-cuatro-en-uno/7341241",
    "price": 10.75,
    "reference_price": 0.36,
    "iva": 21,
    "reference_unit": "1 Lv",
    "date": "2023-01-17"
  },
  {
    "id": 22718,
    "name": "Spaguetti Sour KING REGAL",
    "description": "Spaguetti Sour 200 Gr",
    "category": "Chicles, caramelos y gominolas",
    "url": "https://tienda.consum.es/es/p/spaguetti-sour/7341407",
    "price": 0.8,
    "reference_price": 4,
    "iva": 10,
    "reference_unit": "1 Kg",
    "date": "2023-01-17"
  },
  {
    "id": 22726,
    "name": "Sal de Frutas EL VESUBIO",
    "description": "Sal de Frutas 250 Gr",
    "category": "Bicarbonato",
    "url": "https://tienda.consum.es/es/p/sal-de-frutas/7341790",
    "price": 2,
    "reference_price": 8,
    "iva": 10,
    "reference_unit": "1 Kg",
    "date": "2023-01-17"
  },
  {
    "id": 22741,
    "name": "Chocolate Negro 82% con Almendra VALOR",
    "description": "Chocolate Negro 82% con Almendra 250 Gr",
    "category": "Tabletas",
    "url": "https://tienda.consum.es/es/p/chocolate-negro-82-con-almendra/7342637",
    "price": 4.79,
    "reference_price": 19.16,
    "iva": 10,
    "reference_unit": "1 Kg",
    "date": "2023-01-17"
  },
  {
    "id": 22742,
    "name": "Chocolate Negro 92% sin Azúcar VALOR",
    "description": "Chocolate Negro 92% sin Azúcar 100 Gr",
    "category": "Tabletas",
    "url": "https://tienda.consum.es/es/p/chocolate-negro-92-sin-azucar/7342640",
    "price": 2.19,
    "reference_price": 21.9,
    "iva": 10,
    "reference_unit": "1 Kg",
    "date": "2023-01-17"
  },
  {
    "id": 22749,
    "name": "Mix Barbacoa Bolsa MISTERCORN",
    "description": "Mix Barbacoa Bolsa 195 Gr",
    "category": "Maíz tostado y cocktail",
    "url": "https://tienda.consum.es/es/p/mix-barbacoa-bolsa/7342892",
    "price": 1.95,
    "reference_price": 10,
    "iva": 10,
    "reference_unit": "1 Kg",
    "date": "2023-01-17"
  },
  {
    "id": 22751,
    "name": "Mix Picante Bolsa MISTERCORN",
    "description": "Mix Picante Bolsa 195 Gr",
    "category": "Maíz tostado y cocktail",
    "url": "https://tienda.consum.es/es/p/mix-picante-bolsa/7342921",
    "price": 1.95,
    "reference_price": 10,
    "iva": 10,
    "reference_unit": "1 Kg",
    "date": "2023-01-17"
  },
  {
    "id": 22752,
    "name": "Aceituna Rellena Anchoa Cantábrico Pack de 3 JOLCA",
    "description": "Aceituna Rellena Anchoa Cantábrico Pack de 3 3 x 50 Gr",
    "category": "Aceitunas sin hueso",
    "url": "https://tienda.consum.es/es/p/aceituna-rellena-anchoa-cantabrico-pack-de-3/7342939",
    "price": 2.95,
    "reference_price": 19.67,
    "iva": 10,
    "reference_unit": "1 Kg",
    "date": "2023-01-17"
  },
  {
    "id": 22757,
    "name": "Bocata Rústico 1 Unidad ",
    "description": "Bocata Rústico 1 Unidad 110 Gr",
    "category": "Pan de horno",
    "url": "https://tienda.consum.es/es/p/bocata-rustico-1-unidad/7343481",
    "price": 0.43,
    "reference_price": 3.91,
    "iva": 0,
    "reference_unit": "1 Kg",
    "date": "2023-01-17"
  },
  {
    "id": 22767,
    "name": "Mantequilla Rulo Tradicional ASTURIANA",
    "description": "Mantequilla Rulo Tradicional 500 Gr",
    "category": "Mantequilla y margarina",
    "url": "https://tienda.consum.es/es/p/mantequilla-rulo-tradicional/7338937",
    "price": 6.15,
    "reference_price": 12.3,
    "iva": 10,
    "reference_unit": "1 Kg",
    "date": "2023-01-17"
  },
  {
    "id": 22773,
    "name": "Neceser Colonias Infantil ",
    "description": "Neceser Colonias Infantil 1 U",
    "category": "Estuches",
    "url": "https://tienda.consum.es/es/p/neceser-colonias-infantil/7341469",
    "price": 12.5,
    "reference_price": 12.5,
    "iva": 21,
    "reference_unit": "1 U",
    "date": "2023-01-17"
  },
  {
    "id": 22790,
    "name": "Pizza congelada Ristorante Mozzarella sin Gluten DR.OETKER",
    "description": "Pizza congelada Ristorante Mozzarella sin Gluten 370 Gr",
    "category": "Pizza congelada",
    "url": "https://tienda.consum.es/es/p/pizza-congelada-ristorante-mozzarella-sin-gluten/7342707",
    "price": 4.95,
    "reference_price": 13.38,
    "iva": 10,
    "reference_unit": "1 Kg",
    "date": "2023-01-17"
  },
  {
    "id": 22792,
    "name": "Cápsulas Arti-huesos NATURTIERRA",
    "description": "Cápsulas Arti-huesos 1 U",
    "category": "Fitoterapia",
    "url": "https://tienda.consum.es/es/p/capsulas-arti-huesos/7342934",
    "price": 4.25,
    "reference_price": 4.25,
    "iva": 10,
    "reference_unit": "1 U",
    "date": "2023-01-17"
  },
  {
    "id": 22794,
    "name": "Crema Nutritiva Care Rápida Absorción NIVEA",
    "description": "Crema Nutritiva Care Rápida Absorción 400 ml",
    "category": "Body-lociones",
    "url": "https://tienda.consum.es/es/p/crema-nutritiva-care-rapida-absorcion/7343130",
    "price": 5.19,
    "reference_price": 1.3,
    "iva": 21,
    "reference_unit": "100 ml",
    "date": "2023-01-17"
  },
  {
    "id": 22795,
    "name": "Gel Limpiador Men Pure Charcoal L'OREAL",
    "description": "Gel Limpiador Men Pure Charcoal 100 ml",
    "category": "Masculino",
    "url": "https://tienda.consum.es/es/p/gel-limpiador-men-pure-charcoal/7343135",
    "price": 5.99,
    "reference_price": 5.99,
    "iva": 21,
    "reference_unit": "100 ml",
    "date": "2023-01-17"
  },
  {
    "id": 22796,
    "name": "Ambientador Coche Aire Fresco MYHOME",
    "description": "Ambientador Coche Aire Fresco 1 U",
    "category": "Continuos y decorativos",
    "url": "https://tienda.consum.es/es/p/ambientador-coche-aire-fresco/7343416",
    "price": 2.19,
    "reference_price": 2.19,
    "iva": 21,
    "reference_unit": "1 U",
    "date": "2023-01-17"
  },
  {
    "id": 22797,
    "name": "Ambientador Coche Frutos Rojos MYHOME",
    "description": "Ambientador Coche Frutos Rojos 1 U",
    "category": "Continuos y decorativos",
    "url": "https://tienda.consum.es/es/p/ambientador-coche-frutos-rojos/7343432",
    "price": 2.19,
    "reference_price": 2.19,
    "iva": 21,
    "reference_unit": "1 U",
    "date": "2023-01-17"
  },
  {
    "id": 22804,
    "name": "Zumo Frutos Rojos Refrigerado FRUTAE",
    "description": "Zumo Frutos Rojos Refrigerado 750 ml",
    "category": "Zumos refrigerados",
    "url": "https://tienda.consum.es/es/p/zumo-frutos-rojos-refrigerado/7341282",
    "price": 2.55,
    "reference_price": 3.4,
    "iva": 10,
    "reference_unit": "1 L",
    "date": "2023-01-17"
  },
  {
    "id": 22805,
    "name": "Zumo de Piña y Mango Refrigerado FRUTAE",
    "description": "Zumo de Piña y Mango Refrigerado 750 ml",
    "category": "Zumos refrigerados",
    "url": "https://tienda.consum.es/es/p/zumo-de-pina-y-mango-refrigerado/7341290",
    "price": 2.79,
    "reference_price": 3.72,
    "iva": 10,
    "reference_unit": "1 L",
    "date": "2023-01-17"
  },
  {
    "id": 22813,
    "name": "Mascarilla Hair Food Aloe Vera Hidratante FRUCTIS",
    "description": "Mascarilla Hair Food Aloe Vera Hidratante 390 ml",
    "category": "Mascarillas cabello",
    "url": "https://tienda.consum.es/es/p/mascarilla-hair-food-aloe-vera-hidratante/7344109",
    "price": 5.9,
    "reference_price": 1.51,
    "iva": 21,
    "reference_unit": "100 ml",
    "date": "2023-01-17"
  },
  {
    "id": 22814,
    "name": "Nabicol Granel ",
    "description": "Nabicol Granel",
    "category": "Zanahorias y otras raíces",
    "url": "https://tienda.consum.es/es/p/nabicol-granel/7324523",
    "price": 0.86,
    "reference_price": 2.88,
    "iva": 0,
    "reference_unit": "1 Kg",
    "date": "2023-01-17"
  },
  {
    "id": 22815,
    "name": "Crema Casera Pollo con Verduras G.BLANCA",
    "description": "Crema Casera Pollo con Verduras 500 ml",
    "category": "Cremas",
    "url": "https://tienda.consum.es/es/p/crema-casera-pollo-con-verduras/7341303",
    "price": 1.89,
    "reference_price": 3.78,
    "iva": 10,
    "reference_unit": "1 L",
    "date": "2023-01-17"
  },
  {
    "id": 22819,
    "name": "Lavavajillas en Gel Limón Todo en Uno SOMAT",
    "description": "Lavavajillas en Gel Limón Todo en Uno 60 Lv",
    "category": "Lavavajillas a máquina",
    "url": "https://tienda.consum.es/es/p/lavavajillas-en-gel-limon-todo-en-uno/7342004",
    "price": 9.69,
    "reference_price": 0.16,
    "iva": 21,
    "reference_unit": "1 Lv",
    "date": "2023-01-17"
  },
  {
    "id": 22824,
    "name": "Galleta Tostada Petit RIO",
    "description": "Galleta Tostada Petit 400 Gr",
    "category": "Desayuno y maría",
    "url": "https://tienda.consum.es/es/p/galleta-tostada-petit/7342681",
    "price": 1.25,
    "reference_price": 3.13,
    "iva": 10,
    "reference_unit": "1 Kg",
    "date": "2023-01-17"
  },
  {
    "id": 22825,
    "name": "Palillo Redondo Torneado Palillero Ab 140-200 Uds BETIK",
    "description": "Palillo Redondo Torneado Palillero Ab 140-200 Uds 1 U",
    "category": "Desechables",
    "url": "https://tienda.consum.es/es/p/palillo-redondo-torneado-palillero-ab-140-200-uds/7342751",
    "price": 0.85,
    "reference_price": 0.85,
    "iva": 21,
    "reference_unit": "1 U",
    "date": "2023-01-17"
  },
  {
    "id": 22831,
    "name": "Postre de Soja Sabor Vainilla ALPRO",
    "description": "Postre de Soja Sabor Vainilla 500 Gr",
    "category": "Soja",
    "url": "https://tienda.consum.es/es/p/postre-de-soja-sabor-vainilla/7343242",
    "price": 2.59,
    "reference_price": 5.18,
    "iva": 10,
    "reference_unit": "1 Kg",
    "date": "2023-01-17"
  },
  {
    "id": 22836,
    "name": "Desmaquillante Ojos Bifásico NIVEA",
    "description": "Desmaquillante Ojos Bifásico 1 U",
    "category": "Limpieza y desmaquilladores",
    "url": "https://tienda.consum.es/es/p/desmaquillante-ojos-bifasico/7343502",
    "price": 4.95,
    "reference_price": 4.95,
    "iva": 21,
    "reference_unit": "1 U",
    "date": "2023-01-17"
  },
  {
    "id": 22839,
    "name": "Sidra Plateada EL GAITERO",
    "description": "Sidra Plateada 0,75 L",
    "category": "Cavas y sidras",
    "url": "https://tienda.consum.es/es/p/sidra-plateada/7343536",
    "price": 2.35,
    "reference_price": 3.13,
    "iva": 21,
    "reference_unit": "1 L",
    "date": "2023-01-17"
  },
  {
    "id": 22840,
    "name": "Gel Crema Q10 Anticelulítica Reafirmante NIVEA",
    "description": "Gel Crema Q10 Anticelulítica Reafirmante 200 ml",
    "category": "Body-lociones",
    "url": "https://tienda.consum.es/es/p/gel-crema-q10-anticelulitica-reafirmante/7343788",
    "price": 9.29,
    "reference_price": 4.65,
    "iva": 21,
    "reference_unit": "100 ml",
    "date": "2023-01-17"
  },
  {
    "id": 22841,
    "name": "Crema Manos Aloe Vera Ligera y No grasa NIVEA",
    "description": "Crema Manos Aloe Vera Ligera y No grasa 100 ml",
    "category": "Cuidado manos y pies",
    "url": "https://tienda.consum.es/es/p/crema-manos-aloe-vera-ligera-y-no-grasa/7343817",
    "price": 2.15,
    "reference_price": 2.15,
    "iva": 21,
    "reference_unit": "100 ml",
    "date": "2023-01-17"
  },
  {
    "id": 22843,
    "name": "Loción Aloe Vera Hidratante y Refrescante NIVEA",
    "description": "Loción Aloe Vera Hidratante y Refrescante 400 ml",
    "category": "Body-lociones",
    "url": "https://tienda.consum.es/es/p/locion-aloe-vera-hidratante-y-refrescante/7343879",
    "price": 5.15,
    "reference_price": 1.29,
    "iva": 21,
    "reference_unit": "100 ml",
    "date": "2023-01-17"
  },
  {
    "id": 22844,
    "name": "Loción Reafirmante Q10 Piel Seca/Muy Seca NIVEA",
    "description": "Loción Reafirmante Q10 Piel Seca/Muy Seca 400 ml",
    "category": "Body-lociones",
    "url": "https://tienda.consum.es/es/p/locion-reafirmante-q10-piel-seca/muy-seca/7343882",
    "price": 5.99,
    "reference_price": 1.5,
    "iva": 21,
    "reference_unit": "100 ml",
    "date": "2023-01-17"
  },
  {
    "id": 22845,
    "name": "Crema Hidratante Oliva Piel Seca NIVEA",
    "description": "Crema Hidratante Oliva Piel Seca 300 ml",
    "category": "Body-lociones",
    "url": "https://tienda.consum.es/es/p/crema-hidratante-oliva-piel-seca/7343973",
    "price": 3.99,
    "reference_price": 1.33,
    "iva": 21,
    "reference_unit": "100 ml",
    "date": "2023-01-17"
  },
  {
    "id": 22851,
    "name": "Tomate Seco en Aceite CONSUM",
    "description": "Tomate Seco en Aceite 110 Gr",
    "category": "Tomate",
    "url": "https://tienda.consum.es/es/p/tomate-seco-en-aceite/7333602",
    "price": 2.35,
    "reference_price": 21.36,
    "iva": 10,
    "reference_unit": "1 Kg",
    "date": "2023-01-17"
  },
  {
    "id": 22857,
    "name": "Palillo Redondo Abedul Enfundado 115 Unidades BETIK",
    "description": "Palillo Redondo Abedul Enfundado 115 Unidades 1 U",
    "category": "Desechables",
    "url": "https://tienda.consum.es/es/p/palillo-redondo-abedul-enfundado-115-unidades/7342749",
    "price": 1.25,
    "reference_price": 1.25,
    "iva": 21,
    "reference_unit": "1 U",
    "date": "2023-01-17"
  },
  {
    "id": 22858,
    "name": "Pincho Brocheta Bambú 25 cm 100 Unidades BETIK",
    "description": "Pincho Brocheta Bambú 25 cm 100 Unidades 1 U",
    "category": "Desechables",
    "url": "https://tienda.consum.es/es/p/pincho-brocheta-bambu-25-cm-100-unidades/7342756",
    "price": 0.99,
    "reference_price": 0.99,
    "iva": 21,
    "reference_unit": "1 U",
    "date": "2023-01-17"
  },
  {
    "id": 22859,
    "name": "Pincho Aperitivo Bambú 12 cm 90 Unidades BETIK",
    "description": "Pincho Aperitivo Bambú 12 cm 90 Unidades 1 U",
    "category": "Desechables",
    "url": "https://tienda.consum.es/es/p/pincho-aperitivo-bambu-12-cm-90-unidades/7342764",
    "price": 3.75,
    "reference_price": 3.75,
    "iva": 21,
    "reference_unit": "1 U",
    "date": "2023-01-17"
  },
  {
    "id": 22860,
    "name": "Orégano Bío Frasco DUCROS",
    "description": "Orégano Bío Frasco 8 Gr",
    "category": "Especias",
    "url": "https://tienda.consum.es/es/p/oregano-bio-frasco/7342793",
    "price": 2.59,
    "reference_price": 32.38,
    "iva": 10,
    "reference_unit": "100 Gr",
    "date": "2023-01-17"
  },
  {
    "id": 22862,
    "name": "Ajo Bío Frasco DUCROS",
    "description": "Ajo Bío Frasco 52 Gr",
    "category": "Especias",
    "url": "https://tienda.consum.es/es/p/ajo-bio-frasco/7342801",
    "price": 2.69,
    "reference_price": 51.73,
    "iva": 10,
    "reference_unit": "1 Kg",
    "date": "2023-01-17"
  },
  {
    "id": 22863,
    "name": "Canela Molida Bío Frasco DUCROS",
    "description": "Canela Molida Bío Frasco 27 Gr",
    "category": "Especias",
    "url": "https://tienda.consum.es/es/p/canela-molida-bio-frasco/7342806",
    "price": 2.89,
    "reference_price": 10.7,
    "iva": 10,
    "reference_unit": "100 Gr",
    "date": "2023-01-17"
  },
  {
    "id": 22865,
    "name": "Cúrcuma Bío Frasco DUCROS",
    "description": "Cúrcuma Bío Frasco 42 Gr",
    "category": "Especias",
    "url": "https://tienda.consum.es/es/p/curcuma-bio-frasco/7342822",
    "price": 2.99,
    "reference_price": 7.12,
    "iva": 10,
    "reference_unit": "100 Gr",
    "date": "2023-01-17"
  },
  {
    "id": 22866,
    "name": "Ajo Perejil Bío Frasco DUCROS",
    "description": "Ajo Perejil Bío Frasco 22 Gr",
    "category": "Especias",
    "url": "https://tienda.consum.es/es/p/ajo-perejil-bio-frasco/7342827",
    "price": 2.79,
    "reference_price": 12.68,
    "iva": 10,
    "reference_unit": "100 Gr",
    "date": "2023-01-17"
  },
  {
    "id": 22867,
    "name": "Comino Molido Bío Frasco DUCROS",
    "description": "Comino Molido Bío Frasco 30 Gr",
    "category": "Especias",
    "url": "https://tienda.consum.es/es/p/comino-molido-bio-frasco/7342830",
    "price": 2.89,
    "reference_price": 9.63,
    "iva": 10,
    "reference_unit": "100 Gr",
    "date": "2023-01-17"
  },
  {
    "id": 22870,
    "name": "Pimienta Negra Bío Frasco DUCROS",
    "description": "Pimienta Negra Bío Frasco 43 Gr",
    "category": "Especias",
    "url": "https://tienda.consum.es/es/p/pimienta-negra-bio-frasco/7342855",
    "price": 3.19,
    "reference_price": 7.42,
    "iva": 10,
    "reference_unit": "100 Gr",
    "date": "2023-01-17"
  },
  {
    "id": 22877,
    "name": "Chocolate a la Taza PALADIN",
    "description": "Chocolate a la Taza en Polvo 340 Gr",
    "category": "Cacao soluble",
    "url": "https://tienda.consum.es/es/p/chocolate-a-la-taza/7343189",
    "price": 2.79,
    "reference_price": 8.21,
    "iva": 10,
    "reference_unit": "1 Kg",
    "date": "2023-01-17"
  },
  {
    "id": 22879,
    "name": "Kéfir Natural Pack 6 Unidades NESTLE",
    "description": "Kéfir Natural Pack 6 Unidades 6 x 100 Gr",
    "category": "Yogures especial salud",
    "url": "https://tienda.consum.es/es/p/kefir-natural-pack-6-unidades/7343283",
    "price": 2.59,
    "reference_price": 4.32,
    "iva": 10,
    "reference_unit": "1 Kg",
    "date": "2023-01-17"
  },
  {
    "id": 22887,
    "name": "Colonia FROZEN",
    "description": "Colonia 200 ml",
    "category": "Infantiles",
    "url": "https://tienda.consum.es/es/p/colonia/7344195",
    "price": 5.79,
    "reference_price": 2.9,
    "iva": 21,
    "reference_unit": "100 ml",
    "date": "2023-01-17"
  },
  {
    "id": 22890,
    "name": "Bocadillo de Agua 2 Unidades ",
    "description": "Bocadillo de Agua 2 Unidades 260 Gr",
    "category": "Pan de horno",
    "url": "https://tienda.consum.es/es/p/bocadillo-de-agua-2-unidades/7344831",
    "price": 1.24,
    "reference_price": 4.77,
    "iva": 0,
    "reference_unit": "1 Kg",
    "date": "2023-01-17"
  },
  {
    "id": 22896,
    "name": "Tostaditas Toque Pasas y Miel CONSUM",
    "description": "Tostaditas Toque Pasas y Miel 120 Gr",
    "category": "Tostadas y minibiscotes",
    "url": "https://tienda.consum.es/es/p/tostaditas-toque-pasas-y-miel/7332765",
    "price": 1.2,
    "reference_price": 10,
    "iva": 10,
    "reference_unit": "1 Kg",
    "date": "2023-01-17"
  },
  {
    "id": 22898,
    "name": "Palillo Redondo Abedul 800 Unidades BETIK",
    "description": "Palillo Redondo Abedul 800 Unidades 1 U",
    "category": "Desechables",
    "url": "https://tienda.consum.es/es/p/palillo-redondo-abedul-800-unidades/7342736",
    "price": 1.8,
    "reference_price": 1.8,
    "iva": 21,
    "reference_unit": "1 U",
    "date": "2023-01-17"
  },
  {
    "id": 22902,
    "name": "Vaso Desechable Pla Compostable 350 ml BETIK",
    "description": "Vaso Desechable Pla Compostable 350 ml 15 U",
    "category": "Cubiertos, vasos y vajilla",
    "url": "https://tienda.consum.es/es/p/vaso-desechable-pla-compostable-350-ml/7343643",
    "price": 2.65,
    "reference_price": 0.18,
    "iva": 21,
    "reference_unit": "1 U",
    "date": "2023-01-17"
  },
  {
    "id": 22903,
    "name": "Pestañas Postizas Magnéticas PONETTE",
    "description": "Pestañas Postizas Magnéticas 1 U",
    "category": "Ojos",
    "url": "https://tienda.consum.es/es/p/pestanas-postizas-magneticas/7344042",
    "price": 4.99,
    "reference_price": 4.99,
    "iva": 21,
    "reference_unit": "1 U",
    "date": "2023-01-17"
  },
  {
    "id": 22904,
    "name": "Café con Leche Intenso Cápsulas DOLCE GUSTO",
    "description": "Café con Leche Intenso Cápsulas 16 U",
    "category": "Café en cápsulas",
    "url": "https://tienda.consum.es/es/p/cafe-con-leche-intenso-capsulas/7344294",
    "price": 4.89,
    "reference_price": 0.31,
    "iva": 10,
    "reference_unit": "1 U",
    "date": "2023-01-17"
  },
  {
    "id": 22907,
    "name": "Bolsa Basura Pequeña Naranja 10 Litros CONSUM",
    "description": "Bolsa Basura Pequeña Naranja 10 Litros 20 U",
    "category": "Bolsas y sacos de basura",
    "url": "https://tienda.consum.es/es/p/bolsa-basura-pequena-naranja-10-litros/7344724",
    "price": 1.45,
    "reference_price": 0.07,
    "iva": 21,
    "reference_unit": "1 U",
    "date": "2023-01-17"
  },
  {
    "id": 22909,
    "name": "Lejía Multiusos Pistola Hogar y Ropa Blanca SANICENTRO",
    "description": "Lejía Multiusos Pistola Hogar y Ropa Blanca 750 ml",
    "category": "Lejía normal y multiusos",
    "url": "https://tienda.consum.es/es/p/lejia-multiusos-pistola-hogar-y-ropa-blanca/7344810",
    "price": 1.99,
    "reference_price": 2.65,
    "iva": 21,
    "reference_unit": "1 L",
    "date": "2023-01-17"
  },
  {
    "id": 22912,
    "name": "Mini Chapata Rústica RECONDO",
    "description": "Mini Chapata Rústica 100 Gr",
    "category": "Tostadas y minibiscotes",
    "url": "https://tienda.consum.es/es/p/mini-chapata-rustica/7344914",
    "price": 2.09,
    "reference_price": 20.9,
    "iva": 10,
    "reference_unit": "1 Kg",
    "date": "2023-01-17"
  },
  {
    "id": 22913,
    "name": "Crema Nutri Rizos Secado al Aire FRUCTIS",
    "description": "Crema Nutri Rizos Secado al Aire 400 ml",
    "category": "Gel y cera",
    "url": "https://tienda.consum.es/es/p/crema-nutri-rizos-secado-al-aire/7345010",
    "price": 4.25,
    "reference_price": 1.06,
    "iva": 21,
    "reference_unit": "100 ml",
    "date": "2023-01-17"
  },
  {
    "id": 22914,
    "name": "Crema Manos Vitaoils Ecológica EUDERMIN",
    "description": "Crema Manos Vitaoils Ecológica 75 ml",
    "category": "Cuidado manos y pies",
    "url": "https://tienda.consum.es/es/p/crema-manos-vitaoils-ecologica/7345015",
    "price": 2.35,
    "reference_price": 3.13,
    "iva": 21,
    "reference_unit": "100 ml",
    "date": "2023-01-17"
  },
  {
    "id": 22916,
    "name": "Chorizo Ibérico IBHER",
    "description": "Chorizo Ibérico 200 Gr",
    "category": "Chorizo",
    "url": "https://tienda.consum.es/es/p/chorizo-iberico/7345184",
    "price": 2.3,
    "reference_price": 11.5,
    "iva": 10,
    "reference_unit": "1 Kg",
    "date": "2023-01-17"
  },
  {
    "id": 22917,
    "name": "Salchichón Ibérico IBHER",
    "description": "Salchichón Ibérico 200 Gr",
    "category": "Ibéricos",
    "url": "https://tienda.consum.es/es/p/salchichon-iberico/7345192",
    "price": 2.3,
    "reference_price": 11.5,
    "iva": 10,
    "reference_unit": "1 Kg",
    "date": "2023-01-17"
  },
  {
    "id": 22919,
    "name": "Quema Grasa POMPADOUR",
    "description": "Quema Grasa 25 U",
    "category": "Otras infusiones",
    "url": "https://tienda.consum.es/es/p/quema-grasa/7345361",
    "price": 2.75,
    "reference_price": 0.11,
    "iva": 10,
    "reference_unit": "1 U",
    "date": "2023-01-17"
  },
  {
    "id": 22921,
    "name": "Café Espreso Colombia STARBUCKS",
    "description": "Café Espreso Colombia 10 U",
    "category": "Café en cápsulas",
    "url": "https://tienda.consum.es/es/p/cafe-espreso-colombia/7345416",
    "price": 3.99,
    "reference_price": 0.4,
    "iva": 10,
    "reference_unit": "1 U",
    "date": "2023-01-17"
  },
  {
    "id": 22922,
    "name": "Cafe Espreso House Blend STARBUCKS",
    "description": "Cafe Espreso House Blend 10 U",
    "category": "Café en cápsulas",
    "url": "https://tienda.consum.es/es/p/cafe-espreso-house-blend/7345424",
    "price": 3.99,
    "reference_price": 0.4,
    "iva": 10,
    "reference_unit": "1 U",
    "date": "2023-01-17"
  },
  {
    "id": 22923,
    "name": "Café Espreso Verona STARBUCKS",
    "description": "Café Espreso Verona 10 U",
    "category": "Café en cápsulas",
    "url": "https://tienda.consum.es/es/p/cafe-espreso-verona/7345429",
    "price": 3.99,
    "reference_price": 0.4,
    "iva": 10,
    "reference_unit": "1 U",
    "date": "2023-01-17"
  },
  {
    "id": 22924,
    "name": "Café Caramel Macchiato 6 Más 6 Cápsulas DG STARBUCKS",
    "description": "Café Caramel Macchiato 6 Más 6 Cápsulas DG 12 U",
    "category": "Café en cápsulas",
    "url": "https://tienda.consum.es/es/p/cafe-caramel-macchiato-6-mas-6-capsulas-dg/7345432",
    "price": 4.89,
    "reference_price": 0.41,
    "iva": 10,
    "reference_unit": "1 U",
    "date": "2023-01-17"
  },
  {
    "id": 22928,
    "name": "Queso Semicurado Barra Leche Pasteurizada G.BAQUERO",
    "description": "Queso Semicurado Barra Leche Pasteurizada",
    "category": "Barra y otros nacionales",
    "url": "https://tienda.consum.es/es/p/queso-semicurado-barra-leche-pasteurizada/7309941",
    "price": 15.29,
    "reference_price": 15.29,
    "iva": 0,
    "reference_unit": "1 Kg",
    "date": "2023-01-17"
  },
  {
    "id": 22933,
    "name": "Bolsa Basura Compostable 10 Litros CONSUM",
    "description": "Bolsa Basura Compostable 10 Litros 15 U",
    "category": "Bolsas y sacos de basura",
    "url": "https://tienda.consum.es/es/p/bolsa-basura-compostable-10-litros/7329493",
    "price": 1.8,
    "reference_price": 0.12,
    "iva": 21,
    "reference_unit": "1 U",
    "date": "2023-01-17"
  },
  {
    "id": 22951,
    "name": "Vaso Desechable Pla Compostable 220 ml BETIK",
    "description": "Vaso Desechable Pla Compostable 220 ml 15 U",
    "category": "Cubiertos, vasos y vajilla",
    "url": "https://tienda.consum.es/es/p/vaso-desechable-pla-compostable-220-ml/7343635",
    "price": 1.95,
    "reference_price": 0.13,
    "iva": 21,
    "reference_unit": "1 U",
    "date": "2023-01-17"
  },
  {
    "id": 22959,
    "name": "Limpiapantallas LUMINIA",
    "description": "Limpiapantallas 250 ml",
    "category": "Limpieza hogar",
    "url": "https://tienda.consum.es/es/p/limpiapantallas/7344737",
    "price": 3.19,
    "reference_price": 12.76,
    "iva": 21,
    "reference_unit": "1 L",
    "date": "2023-01-17"
  },
  {
    "id": 22962,
    "name": "Pila Cegasa LR14 C Superalkaline CEGASA",
    "description": "Pila Cegasa LR14 C Superalkaline 2 x 1 U",
    "category": "Electricidad, pilas y bombillas",
    "url": "https://tienda.consum.es/es/p/pila-cegasa-lr14-c-superalkaline/7344971",
    "price": 3.85,
    "reference_price": 1.93,
    "iva": 21,
    "reference_unit": "1 U",
    "date": "2023-01-17"
  },
  {
    "id": 22963,
    "name": "Toallitas Aqua Pure DODOT",
    "description": "Toallitas Aqua Pure 48 U",
    "category": "Toallitas",
    "url": "https://tienda.consum.es/es/p/toallitas-aqua-pure/7345036",
    "price": 3.49,
    "reference_price": 0.07,
    "iva": 21,
    "reference_unit": "1 U",
    "date": "2023-01-17"
  },
  {
    "id": 22965,
    "name": "Vino Blanco Albariño D.O.Rias Baixas MAR D.FRADES",
    "description": "Vino Blanco Albariño D.O.Rias Baixas 0,75 L",
    "category": "Vinos d.o",
    "url": "https://tienda.consum.es/es/p/vino-blanco-albarino-dorias-baixas/7345101",
    "price": 17.35,
    "reference_price": 23.13,
    "iva": 21,
    "reference_unit": "1 L",
    "date": "2023-01-17"
  },
  {
    "id": 22974,
    "name": "Confitura Fresa Pack de 10 HELIOS",
    "description": "Confitura Fresa Pack de 10 10 x 25 Gr",
    "category": "Mermeladas y confituras",
    "url": "https://tienda.consum.es/es/p/confitura-fresa-pack-de-10/7345929",
    "price": 1.79,
    "reference_price": 7.16,
    "iva": 10,
    "reference_unit": "1 Kg",
    "date": "2023-01-17"
  },
  {
    "id": 22975,
    "name": "Refresco Cola Regular Pack Indivisible 6 Latas COCA-COLA",
    "description": "Refresco Cola Regular Pack Indivisible 6 Latas 6 x 0,2 L",
    "category": "Cola",
    "url": "https://tienda.consum.es/es/p/refresco-cola-regular-pack-indivisible-6-latas/7346021",
    "price": 4.38,
    "reference_price": 3.65,
    "iva": 21,
    "reference_unit": "1 L",
    "date": "2023-01-17"
  },
  {
    "id": 22976,
    "name": "Refresco Cola Zero Pack Indivisible 6 Latas COCA-COLA",
    "description": "Refresco Cola Zero Pack Indivisible 6 Latas 6 x 0,2 L",
    "category": "Cola",
    "url": "https://tienda.consum.es/es/p/refresco-cola-zero-pack-indivisible-6-latas/7346026",
    "price": 4.38,
    "reference_price": 3.65,
    "iva": 21,
    "reference_unit": "1 L",
    "date": "2023-01-17"
  },
  {
    "id": 22979,
    "name": "Tinte 8/03 Rubio Claro KYREY",
    "description": "Tinte 8/03 Rubio Claro 1 U",
    "category": "Coloración",
    "url": "https://tienda.consum.es/es/p/tinte-8/03-rubio-claro/7318780",
    "price": 3.9,
    "reference_price": 3.9,
    "iva": 21,
    "reference_unit": "1 U",
    "date": "2023-01-17"
  },
  {
    "id": 22980,
    "name": "Tinte 4/00 Castaño Medio KYREY",
    "description": "Tinte 4/00 Castaño Medio 1 U",
    "category": "Coloración",
    "url": "https://tienda.consum.es/es/p/tinte-4/00-castano-medio/7330272",
    "price": 3.9,
    "reference_price": 3.9,
    "iva": 21,
    "reference_unit": "1 U",
    "date": "2023-01-17"
  },
  {
    "id": 22981,
    "name": "Tinte 5/55 Caoba Rojo KYREY",
    "description": "Tinte 5/55 Caoba Rojo 1 U",
    "category": "Coloración",
    "url": "https://tienda.consum.es/es/p/tinte-5/55-caoba-rojo/7330298",
    "price": 3.9,
    "reference_price": 3.9,
    "iva": 21,
    "reference_unit": "1 U",
    "date": "2023-01-17"
  },
  {
    "id": 22982,
    "name": "Tinte 7/03 Rubio Medio Dorado KYREY",
    "description": "Tinte 7/03 Rubio Medio Dorado 1 U",
    "category": "Coloración",
    "url": "https://tienda.consum.es/es/p/tinte-7/03-rubio-medio-dorado/7330306",
    "price": 3.9,
    "reference_price": 3.9,
    "iva": 21,
    "reference_unit": "1 U",
    "date": "2023-01-17"
  },
  {
    "id": 22983,
    "name": "Tinte 9/00 Rubio Extraclaro KYREY",
    "description": "Tinte 9/00 Rubio Extraclaro 1 U",
    "category": "Coloración",
    "url": "https://tienda.consum.es/es/p/tinte-9/00-rubio-extraclaro/7330322",
    "price": 3.9,
    "reference_price": 3.9,
    "iva": 21,
    "reference_unit": "1 U",
    "date": "2023-01-17"
  },
  {
    "id": 22984,
    "name": "Atún Claro Virgen Extra en Aceite de Oliva CONSUM",
    "description": "Atún Claro Virgen Extra en Aceite de Oliva 3 x 52 Gr",
    "category": "Conservas, aceites y condimentos",
    "url": "https://tienda.consum.es/es/p/atun-claro-virgen-extra-en-aceite-de-oliva/7334464",
    "price": 3.49,
    "reference_price": 22.37,
    "iva": 10,
    "reference_unit": "1 Kg",
    "date": "2023-01-17"
  },
  {
    "id": 22985,
    "name": "Tortilla de Patata Fresca con Cebolla CONSUM",
    "description": "Tortilla de Patata Fresca con Cebolla 600 Gr",
    "category": "Otros preparados",
    "url": "https://tienda.consum.es/es/p/tortilla-de-patata-fresca-con-cebolla/7342574",
    "price": 2.6,
    "reference_price": 4.33,
    "iva": 10,
    "reference_unit": "1 Kg",
    "date": "2023-01-17"
  },
  {
    "id": 22986,
    "name": "Tortilla de Patata Fresca sin Cebolla CONSUM",
    "description": "Tortilla de Patata Fresca sin Cebolla 600 Gr",
    "category": "Otros preparados",
    "url": "https://tienda.consum.es/es/p/tortilla-de-patata-fresca-sin-cebolla/7342579",
    "price": 2.6,
    "reference_price": 4.33,
    "iva": 10,
    "reference_unit": "1 Kg",
    "date": "2023-01-17"
  },
  {
    "id": 22987,
    "name": "Jengibre Molido Bío Frasco DUCROS",
    "description": "Jengibre Molido Bío Frasco 32 Gr",
    "category": "Especias",
    "url": "https://tienda.consum.es/es/p/jengibre-molido-bio-frasco/7342848",
    "price": 3.29,
    "reference_price": 10.28,
    "iva": 10,
    "reference_unit": "100 Gr",
    "date": "2023-01-17"
  },
  {
    "id": 22991,
    "name": "Masa de Pizza 5 Semillas y Cereales TARRADELLAS",
    "description": "Masa de Pizza 5 Semillas y Cereales 260 Gr",
    "category": "Refrigeradas",
    "url": "https://tienda.consum.es/es/p/masa-de-pizza-5-semillas-y-cereales/7344273",
    "price": 1.45,
    "reference_price": 5.58,
    "iva": 10,
    "reference_unit": "1 Kg",
    "date": "2023-01-17"
  },
  {
    "id": 22994,
    "name": "Dentífrico Bicarbonato SIGNAL",
    "description": "Dentífrico Bicarbonato 100 ml",
    "category": "Dentífricos",
    "url": "https://tienda.consum.es/es/p/dentifrico-bicarbonato/7344849",
    "price": 1.75,
    "reference_price": 1.75,
    "iva": 21,
    "reference_unit": "100 ml",
    "date": "2023-01-17"
  },
  {
    "id": 22996,
    "name": "Dentífrico Proexpert Protección Profesional ORAL B",
    "description": "Dentífrico Proexpert Protección Profesional 85 ml",
    "category": "Dentífricos",
    "url": "https://tienda.consum.es/es/p/dentifrico-proexpert-proteccion-profesional/7345031",
    "price": 2.85,
    "reference_price": 3.35,
    "iva": 21,
    "reference_unit": "100 ml",
    "date": "2023-01-17"
  },
  {
    "id": 22998,
    "name": "Vino Tinto D.O.Ribera del Duero EMILIO MORO",
    "description": "Vino Tinto D.O.Ribera del Duero 0,75 L",
    "category": "Vinos d.o",
    "url": "https://tienda.consum.es/es/p/vino-tinto-doribera-del-duero/7345098",
    "price": 19.5,
    "reference_price": 26,
    "iva": 21,
    "reference_unit": "1 L",
    "date": "2023-01-17"
  },
  {
    "id": 23001,
    "name": "Berberechos al Natural 80/100 CABO PEÑAS",
    "description": "Berberechos al Natural 80/100 63 Gr",
    "category": "Almejas, berberechos y navajas",
    "url": "https://tienda.consum.es/es/p/berberechos-al-natural-80/100/7345353",
    "price": 3.95,
    "reference_price": 62.7,
    "iva": 10,
    "reference_unit": "1 Kg",
    "date": "2023-01-17"
  },
  {
    "id": 23002,
    "name": "Berberechos al Natural 35/45 GALICA",
    "description": "Berberechos al Natural 35/45 63 Gr",
    "category": "Almejas, berberechos y navajas",
    "url": "https://tienda.consum.es/es/p/berberechos-al-natural-35/45/7345374",
    "price": 6.99,
    "reference_price": 110.95,
    "iva": 10,
    "reference_unit": "1 Kg",
    "date": "2023-01-17"
  },
  {
    "id": 23004,
    "name": "Piña Deshidratada Bolsa FRUBIS",
    "description": "Piña Deshidratada Bolsa 50 Gr",
    "category": "Snacks y otros aperitivos",
    "url": "https://tienda.consum.es/es/p/pina-deshidratada-bolsa/7345770",
    "price": 1.2,
    "reference_price": 24,
    "iva": 0,
    "reference_unit": "1 Kg",
    "date": "2023-01-17"
  },
  {
    "id": 23012,
    "name": "Refresco Cola Pack de 4 Botellas Vidrio COCA-COLA",
    "description": "Refresco Cola Pack de 4 Botellas Vidrio 4 x 0,2 L",
    "category": "Cola",
    "url": "https://tienda.consum.es/es/p/refresco-cola-pack-de-4-botellas-vidrio/7346018",
    "price": 4,
    "reference_price": 5,
    "iva": 21,
    "reference_unit": "1 L",
    "date": "2023-01-17"
  },
  {
    "id": 23027,
    "name": "Escalope de Pechuga de Pollo SABOREA",
    "description": "Escalope de Pechuga de Pollo 200 Gr",
    "category": "De carne o pescado",
    "url": "https://tienda.consum.es/es/p/escalope-de-pechuga-de-pollo/7346257",
    "price": 2.75,
    "reference_price": 13.75,
    "iva": 10,
    "reference_unit": "1 Kg",
    "date": "2023-01-17"
  },
  {
    "id": 23077,
    "name": "Colonia Free Spirit Men REBEL",
    "description": "Colonia Free Spirit Men 100 ml",
    "category": "Masculinas",
    "url": "https://tienda.consum.es/es/p/colonia-free-spirit-men/7345705",
    "price": 5.99,
    "reference_price": 5.99,
    "iva": 21,
    "reference_unit": "100 ml",
    "date": "2023-01-17"
  },
  {
    "id": 23078,
    "name": "Colonia Queen Woman REBEL",
    "description": "Colonia Queen Woman 100 ml",
    "category": "Femeninas",
    "url": "https://tienda.consum.es/es/p/colonia-queen-woman/7345721",
    "price": 5.99,
    "reference_price": 5.99,
    "iva": 21,
    "reference_unit": "100 ml",
    "date": "2023-01-17"
  },
  {
    "id": 23079,
    "name": "Colonia Wild Heart Men REBEL",
    "description": "Colonia Wild Heart Men 100 ml",
    "category": "Masculinas",
    "url": "https://tienda.consum.es/es/p/colonia-wild-heart-men/7345734",
    "price": 5.99,
    "reference_price": 5.99,
    "iva": 21,
    "reference_unit": "100 ml",
    "date": "2023-01-17"
  },
  {
    "id": 23082,
    "name": "Colonia Crazy Woman REBEL",
    "description": "Colonia Crazy Woman 100 ml",
    "category": "Femeninas",
    "url": "https://tienda.consum.es/es/p/colonia-crazy-woman/7345747",
    "price": 5.99,
    "reference_price": 5.99,
    "iva": 21,
    "reference_unit": "100 ml",
    "date": "2023-01-17"
  },
  {
    "id": 23083,
    "name": "Colonia Carpe Diem Men REBEL",
    "description": "Colonia Carpe Diem Men 100 ml",
    "category": "Masculinas",
    "url": "https://tienda.consum.es/es/p/colonia-carpe-diem-men/7345754",
    "price": 5.99,
    "reference_price": 5.99,
    "iva": 21,
    "reference_unit": "100 ml",
    "date": "2023-01-17"
  },
  {
    "id": 23087,
    "name": "Tinte 7/55 Rojo Intenso KYREY",
    "description": "Tinte 7/55 Rojo Intenso 1 U",
    "category": "Coloración",
    "url": "https://tienda.consum.es/es/p/tinte-7/55-rojo-intenso/7318777",
    "price": 3.9,
    "reference_price": 3.9,
    "iva": 21,
    "reference_unit": "1 U",
    "date": "2023-01-17"
  },
  {
    "id": 23091,
    "name": "Guante Desechable Nitrilo Talla S CONSUM",
    "description": "Guante Desechable Nitrilo Talla S 30 U",
    "category": "Guantes domésticos",
    "url": "https://tienda.consum.es/es/p/guante-desechable-nitrilo-talla-s/7329907",
    "price": 3,
    "reference_price": 0.1,
    "iva": 21,
    "reference_unit": "1 U",
    "date": "2023-01-17"
  },
  {
    "id": 23092,
    "name": "Tinte 1/00 Negro Intenso KYREY",
    "description": "Tinte 1/00 Negro Intenso 1 U",
    "category": "Coloración",
    "url": "https://tienda.consum.es/es/p/tinte-1/00-negro-intenso/7330251",
    "price": 3.9,
    "reference_price": 3.9,
    "iva": 21,
    "reference_unit": "1 U",
    "date": "2023-01-17"
  },
  {
    "id": 23093,
    "name": "Tinte 7/01 Rubio Medio Ceniza KYREY",
    "description": "Tinte 7/01 Rubio Medio Ceniza 1 U",
    "category": "Coloración",
    "url": "https://tienda.consum.es/es/p/tinte-7/01-rubio-medio-ceniza/7330314",
    "price": 3.9,
    "reference_price": 3.9,
    "iva": 21,
    "reference_unit": "1 U",
    "date": "2023-01-17"
  },
  {
    "id": 23094,
    "name": "Tinte 8/00 Rubio Claro KYREY",
    "description": "Tinte 8/00 Rubio Claro 1 U",
    "category": "Coloración",
    "url": "https://tienda.consum.es/es/p/tinte-8/00-rubio-claro/7330319",
    "price": 3.9,
    "reference_price": 3.9,
    "iva": 21,
    "reference_unit": "1 U",
    "date": "2023-01-17"
  },
  {
    "id": 23096,
    "name": "Tinte 11/00 Rubio Clarísimo KYREY",
    "description": "Tinte 11/00 Rubio Clarísimo 1 U",
    "category": "Coloración",
    "url": "https://tienda.consum.es/es/p/tinte-11/00-rubio-clarisimo/7330330",
    "price": 3.9,
    "reference_price": 3.9,
    "iva": 21,
    "reference_unit": "1 U",
    "date": "2023-01-17"
  },
  {
    "id": 23114,
    "name": "Codorniz 2 Unidades CONSUM",
    "description": "Codorniz 2 Unidades 300 Gr",
    "category": "Aves y conejo",
    "url": "https://tienda.consum.es/es/p/codorniz-2-unidades/7345213",
    "price": 4.35,
    "reference_price": 14.5,
    "iva": 10,
    "reference_unit": "1 Kg",
    "date": "2023-01-17"
  },
  {
    "id": 23122,
    "name": "Bomba de Baño Color Therapy IDCINSTITUTE",
    "description": "Bomba de Baño Color Therapy 1 U",
    "category": "Jabón en pastillas",
    "url": "https://tienda.consum.es/es/p/bomba-de-bano-color-therapy/7346641",
    "price": 1.99,
    "reference_price": 1.99,
    "iva": 21,
    "reference_unit": "1 U",
    "date": "2023-01-17"
  },
  {
    "id": 23123,
    "name": "Pastel San Marcos Bajo en Azúcar ",
    "description": "Pastel San Marcos Bajo en Azúcar 210 Gr",
    "category": "Repostería ",
    "url": "https://tienda.consum.es/es/p/pastel-san-marcos-bajo-en-azucar/7346682",
    "price": 3.49,
    "reference_price": 16.62,
    "iva": 10,
    "reference_unit": "1 Kg",
    "date": "2023-01-17"
  },
  {
    "id": 23126,
    "name": "Gel Higiene Íntima Gynoprebiotic VAGISIL",
    "description": "Gel Higiene Íntima Gynoprebiotic 250 ml",
    "category": "Aseo íntimo",
    "url": "https://tienda.consum.es/es/p/gel-higiene-intima-gynoprebiotic/7346737",
    "price": 6.99,
    "reference_price": 2.8,
    "iva": 21,
    "reference_unit": "100 ml",
    "date": "2023-01-17"
  },
  {
    "id": 23143,
    "name": "Jamón Cebo 50% Ibérico Peso Aproximado 7,2 K BOADAS",
    "description": "Jamón Cebo 50% Ibérico Peso Aproximado 7,2 K",
    "category": "Ibéricos",
    "url": "https://tienda.consum.es/es/p/jamon-cebo-50-iberico-peso-aproximado-72-k/7324064",
    "price": 129,
    "reference_price": 17.2,
    "iva": 10,
    "reference_unit": "1 Kg",
    "date": "2023-01-17"
  },
  {
    "id": 23145,
    "name": "Guante Desechable Nitrilo Talla G CONSUM",
    "description": "Guante Desechable Nitrilo Talla G 30 U",
    "category": "Guantes domésticos",
    "url": "https://tienda.consum.es/es/p/guante-desechable-nitrilo-talla-g/7329928",
    "price": 3,
    "reference_price": 0.1,
    "iva": 21,
    "reference_unit": "1 U",
    "date": "2023-01-17"
  },
  {
    "id": 23146,
    "name": "Tinte 7/95 Marrón Avellana KYREY",
    "description": "Tinte 7/95 Marrón Avellana 1 U",
    "category": "Coloración",
    "url": "https://tienda.consum.es/es/p/tinte-7/95-marron-avellana/7330293",
    "price": 3.9,
    "reference_price": 3.9,
    "iva": 21,
    "reference_unit": "1 U",
    "date": "2023-01-17"
  },
  {
    "id": 23151,
    "name": "Gel Champú DISNEY",
    "description": "Gel Champú 475 ml",
    "category": "Estuches",
    "url": "https://tienda.consum.es/es/p/gel-champu/7342020",
    "price": 2.45,
    "reference_price": 0.52,
    "iva": 21,
    "reference_unit": "100 ml",
    "date": "2023-01-17"
  },
  {
    "id": 23153,
    "name": "Cava Brut Reserva D.O.Cava EXPRESSION",
    "description": "Cava Brut Reserva D.O.Cava 0,37 L",
    "category": "Cavas y sidras",
    "url": "https://tienda.consum.es/es/p/cava-brut-reserva-docava/7344823",
    "price": 5.69,
    "reference_price": 15.17,
    "iva": 21,
    "reference_unit": "1 L",
    "date": "2023-01-17"
  },
  {
    "id": 23157,
    "name": "Salchicha Perrynat Pollo/Cerdo PERRYNAT",
    "description": "Salchicha Perrynat Pollo/Cerdo 1 U",
    "category": "Húmedo",
    "url": "https://tienda.consum.es/es/p/salchicha-perrynat-pollo/cerdo/7345437",
    "price": 1.99,
    "reference_price": 1.99,
    "iva": 10,
    "reference_unit": "1 U",
    "date": "2023-01-17"
  },
  {
    "id": 23159,
    "name": "Colorete 120 Accord Pefect L'OREAL",
    "description": "Colorete 120 Accord Pefect 1 U",
    "category": "Rostro",
    "url": "https://tienda.consum.es/es/p/colorete-120-accord-pefect/7345726",
    "price": 10.5,
    "reference_price": 10.5,
    "iva": 21,
    "reference_unit": "1 U",
    "date": "2023-01-17"
  },
  {
    "id": 23161,
    "name": "Crema de Cacahuete JUST LOADING",
    "description": "Crema de Cacahuete 500 Gr",
    "category": "Para deportistas",
    "url": "https://tienda.consum.es/es/p/crema-de-cacahuete/7345820",
    "price": 3.1,
    "reference_price": 6.2,
    "iva": 10,
    "reference_unit": "1 Kg",
    "date": "2023-01-17"
  },
  {
    "id": 23170,
    "name": "Chocolate con Leche sin Azúcar VALOR",
    "description": "Chocolate con Leche sin Azúcar 100 Gr",
    "category": "Tabletas",
    "url": "https://tienda.consum.es/es/p/chocolate-con-leche-sin-azucar/7346773",
    "price": 1.69,
    "reference_price": 16.9,
    "iva": 10,
    "reference_unit": "1 Kg",
    "date": "2023-01-17"
  },
  {
    "id": 23172,
    "name": "Porc.Tartas San Marcos y Selva Negra sin Gluten ",
    "description": "Porc.Tartas San Marcos y Selva Negra sin Gluten 290 Gr",
    "category": "Tartas ",
    "url": "https://tienda.consum.es/es/p/porctartas-san-marcos-y-selva-negra-sin-gluten/7346810",
    "price": 5.79,
    "reference_price": 19.97,
    "iva": 10,
    "reference_unit": "1 Kg",
    "date": "2023-01-17"
  },
  {
    "id": 23175,
    "name": "Jamón Cebo 50% Ibérico Peso Aproximado 7,5 kg LEGADO POZO",
    "description": "Jamón Cebo 50% Ibérico Peso Aproximado 7,5 kg",
    "category": "Ibéricos",
    "url": "https://tienda.consum.es/es/p/jamon-cebo-50-iberico-peso-aproximado-75-kg/7224699",
    "price": 145,
    "reference_price": 19.33,
    "iva": 10,
    "reference_unit": "1 Kg",
    "date": "2023-01-17"
  },
  {
    "id": 23182,
    "name": "Tubitos Rellenos Crema de Cacao MELS",
    "description": "Tubitos Rellenos Crema de Cacao 160 Gr",
    "category": "Wafer y barquillos",
    "url": "https://tienda.consum.es/es/p/tubitos-rellenos-crema-de-cacao/7324838",
    "price": 1.19,
    "reference_price": 7.93,
    "iva": 10,
    "reference_unit": "1 Kg",
    "date": "2023-01-17"
  },
  {
    "id": 23183,
    "name": "Tubitos Rellenos Crema de Vainilla MELS",
    "description": "Tubitos Rellenos Crema de Vainilla 160 Gr",
    "category": "Wafer y barquillos",
    "url": "https://tienda.consum.es/es/p/tubitos-rellenos-crema-de-vainilla/7324853",
    "price": 1.19,
    "reference_price": 7.93,
    "iva": 10,
    "reference_unit": "1 Kg",
    "date": "2023-01-17"
  },
  {
    "id": 23184,
    "name": "Higiénico Húmedo Compacto CONSUM",
    "description": "Higiénico Húmedo Compacto 100 U",
    "category": "Papel higiénico",
    "url": "https://tienda.consum.es/es/p/higienico-humedo-compacto/7328941",
    "price": 1.55,
    "reference_price": 0.02,
    "iva": 21,
    "reference_unit": "1 U",
    "date": "2023-01-17"
  },
  {
    "id": 23185,
    "name": "Tinte 5/95 Marrón Chocolate KYREY",
    "description": "Tinte 5/95 Marrón Chocolate 1 U",
    "category": "Coloración",
    "url": "https://tienda.consum.es/es/p/tinte-5/95-marron-chocolate/7330285",
    "price": 3.9,
    "reference_price": 3.9,
    "iva": 21,
    "reference_unit": "1 U",
    "date": "2023-01-17"
  },
  {
    "id": 23186,
    "name": "Corazones de Alcachofa Grande 6/8 Unidades CONSUM",
    "description": "Corazones de Alcachofa Grande 6/8 Unidades 240 Gr",
    "category": "Alcachofa",
    "url": "https://tienda.consum.es/es/p/corazones-de-alcachofa-grande-6/8-unidades/7340631",
    "price": 2.25,
    "reference_price": 9.38,
    "iva": 10,
    "reference_unit": "1 Kg",
    "date": "2023-01-17"
  },
  {
    "id": 23193,
    "name": "Espuma Limpiadora Ecológica FEEL FREE",
    "description": "Espuma Limpiadora Ecológica 150 ml",
    "category": "Limpieza y desmaquilladores",
    "url": "https://tienda.consum.es/es/p/espuma-limpiadora-ecologica/7346224",
    "price": 3.75,
    "reference_price": 2.5,
    "iva": 21,
    "reference_unit": "100 ml",
    "date": "2023-01-17"
  },
  {
    "id": 23194,
    "name": "Detergente Discos 4 en 1 Eliminador de Olores WIPP",
    "description": "Detergente Discos 4 en 1 Eliminador de Olores 30 Lv",
    "category": "Máquina pastilla",
    "url": "https://tienda.consum.es/es/p/detergente-discos-4-en-1-eliminador-de-olores/7346229",
    "price": 9.99,
    "reference_price": 0.33,
    "iva": 21,
    "reference_unit": "1 Lv",
    "date": "2023-01-17"
  },
  {
    "id": 23195,
    "name": "Quitaesmalte Ultra Efectivo CUTEX",
    "description": "Quitaesmalte Ultra Efectivo 200 ml",
    "category": "Uñas",
    "url": "https://tienda.consum.es/es/p/quitaesmalte-ultra-efectivo/7346302",
    "price": 3.29,
    "reference_price": 1.65,
    "iva": 21,
    "reference_unit": "100 ml",
    "date": "2023-01-17"
  },
  {
    "id": 23199,
    "name": "Colgador WC Manzana y Lirio BREF",
    "description": "Colgador WC Manzana y Lirio 1 U",
    "category": "Limpieza baños",
    "url": "https://tienda.consum.es/es/p/colgador-wc-manzana-y-lirio/7346849",
    "price": 2.15,
    "reference_price": 2.15,
    "iva": 21,
    "reference_unit": "1 U",
    "date": "2023-01-17"
  },
  {
    "id": 23200,
    "name": "Tabletas Limpiadoras Acción Desinfectante POLIDENT",
    "description": "Tabletas Limpiadoras Acción Desinfectante 36 U",
    "category": "Higiene bucal",
    "url": "https://tienda.consum.es/es/p/tabletas-limpiadoras-accion-desinfectante/7347008",
    "price": 4.95,
    "reference_price": 0.14,
    "iva": 21,
    "reference_unit": "1 U",
    "date": "2023-01-17"
  },
  {
    "id": 23207,
    "name": "Mix de Encurtidos Pepinillos y Cebollas RIOVERDE",
    "description": "Mix de Encurtidos Pepinillos y Cebollas 380 Gr",
    "category": "Banderillas y cocktails",
    "url": "https://tienda.consum.es/es/p/mix-de-encurtidos-pepinillos-y-cebollas/7347172",
    "price": 1.95,
    "reference_price": 5.13,
    "iva": 10,
    "reference_unit": "1 Kg",
    "date": "2023-01-17"
  },
  {
    "id": 23214,
    "name": "Crema Revitalift SPF 30 Antiarrugas Día L'OREAL",
    "description": "Crema Revitalift SPF 30 Antiarrugas Día 50 ml",
    "category": "Hidratación",
    "url": "https://tienda.consum.es/es/p/crema-revitalift-spf-30-antiarrugas-dia/7347339",
    "price": 9.99,
    "reference_price": 19.98,
    "iva": 21,
    "reference_unit": "100 ml",
    "date": "2023-01-17"
  },
  {
    "id": 23217,
    "name": "Crema Jamón York ARGAL",
    "description": "Crema Jamón York 160 Gr",
    "category": "Otros cocidos",
    "url": "https://tienda.consum.es/es/p/crema-jamon-york/7347362",
    "price": 1.4,
    "reference_price": 8.75,
    "iva": 10,
    "reference_unit": "1 Kg",
    "date": "2023-01-17"
  },
  {
    "id": 23218,
    "name": "Crema Revitalift Filler Antiedad Día L'OREAL",
    "description": "Crema Revitalift Filler Antiedad Día 50 ml",
    "category": "Hidratación",
    "url": "https://tienda.consum.es/es/p/crema-revitalift-filler-antiedad-dia/7347367",
    "price": 15.9,
    "reference_price": 31.8,
    "iva": 21,
    "reference_unit": "100 ml",
    "date": "2023-01-17"
  },
  {
    "id": 23219,
    "name": "Crema Revitalift Láser Antiedad Noche L'OREAL",
    "description": "Crema Revitalift Láser Antiedad Noche 50 ml",
    "category": "Hidratación",
    "url": "https://tienda.consum.es/es/p/crema-revitalift-laser-antiedad-noche/7347370",
    "price": 15.9,
    "reference_price": 31.8,
    "iva": 21,
    "reference_unit": "100 ml",
    "date": "2023-01-17"
  },
  {
    "id": 23220,
    "name": "Crema Revitalift SPF 25 Antiarrugas Día L'OREAL",
    "description": "Crema Revitalift SPF 25 Antiarrugas Día 50 ml",
    "category": "Hidratación",
    "url": "https://tienda.consum.es/es/p/crema-revitalift-spf-25-antiarrugas-dia/7347375",
    "price": 15.9,
    "reference_price": 31.8,
    "iva": 21,
    "reference_unit": "100 ml",
    "date": "2023-01-17"
  },
  {
    "id": 23223,
    "name": "Vinagre de Manzana Ecológico CONSUM ECO",
    "description": "Vinagre de Manzana Ecológico 500 ml",
    "category": "Vinagre",
    "url": "https://tienda.consum.es/es/p/vinagre-de-manzana-ecologico/7322191",
    "price": 1.9,
    "reference_price": 3.8,
    "iva": 10,
    "reference_unit": "1 L",
    "date": "2023-01-17"
  },
  {
    "id": 23224,
    "name": "Higiénico Húmedo Compacto CONSUM",
    "description": "Higiénico Húmedo Compacto 15 U",
    "category": "Papel higiénico",
    "url": "https://tienda.consum.es/es/p/higienico-humedo-compacto/7328953",
    "price": 0.8,
    "reference_price": 0.05,
    "iva": 21,
    "reference_unit": "1 U",
    "date": "2023-01-17"
  },
  {
    "id": 23225,
    "name": "Mazorquitas CONSUM",
    "description": "Mazorquitas 190 Gr",
    "category": "Maíz",
    "url": "https://tienda.consum.es/es/p/mazorquitas/7340644",
    "price": 2.49,
    "reference_price": 13.11,
    "iva": 10,
    "reference_unit": "1 Kg",
    "date": "2023-01-17"
  },
  {
    "id": 23244,
    "name": "Bolsa Residuos Compostable MASCOTY",
    "description": "Bolsa Residuos Compostable 1 U",
    "category": "Cuidado e higiene",
    "url": "https://tienda.consum.es/es/p/bolsa-residuos-compostable/7345619",
    "price": 1.85,
    "reference_price": 1.85,
    "iva": 21,
    "reference_unit": "1 U",
    "date": "2023-01-17"
  },
  {
    "id": 23276,
    "name": "Vodka Colores Pack COOL SHOTS",
    "description": "Vodka Colores Pack 5 x 20 ml",
    "category": "Licores y vermouth",
    "url": "https://tienda.consum.es/es/p/vodka-colores-pack/7347222",
    "price": 3.29,
    "reference_price": 3.29,
    "iva": 21,
    "reference_unit": "100 ml",
    "date": "2023-01-17"
  },
  {
    "id": 23283,
    "name": "Salsa Tradicional Frasco KRAFT",
    "description": "Salsa Tradicional Frasco 275 ml",
    "category": "Mayonesa",
    "url": "https://tienda.consum.es/es/p/salsa-tradicional-frasco/7347474",
    "price": 1.79,
    "reference_price": 6.51,
    "iva": 10,
    "reference_unit": "1 L",
    "date": "2023-01-17"
  },
  {
    "id": 23284,
    "name": "Taquitos Adobados CONSUM",
    "description": "Taquitos Adobados",
    "category": "Cerdo",
    "url": "https://tienda.consum.es/es/p/taquitos-adobados/7347508",
    "price": 3.07,
    "reference_price": 8.75,
    "iva": 10,
    "reference_unit": "1 Kg",
    "date": "2023-01-17"
  },
  {
    "id": 23286,
    "name": "Queso Fresco Tradicional Cabra GRANJA RINYA",
    "description": "Queso Fresco Tradicional Cabra 250 Gr",
    "category": "Frescos y para ensaladas",
    "url": "https://tienda.consum.es/es/p/queso-fresco-tradicional-cabra/7347537",
    "price": 2.74,
    "reference_price": 10.96,
    "iva": 0,
    "reference_unit": "1 Kg",
    "date": "2023-01-17"
  },
  {
    "id": 23291,
    "name": "Confitura Melocotón Pack de 10 HELIOS",
    "description": "Confitura Melocotón Pack de 10 10 x 25 Gr",
    "category": "Mermeladas y confituras",
    "url": "https://tienda.consum.es/es/p/confitura-melocoton-pack-de-10/7346088",
    "price": 1.79,
    "reference_price": 7.16,
    "iva": 10,
    "reference_unit": "1 Kg",
    "date": "2023-01-17"
  },
  {
    "id": 23292,
    "name": "Gel Natural Glicerina LIDA",
    "description": "Gel Natural Glicerina 600 ml",
    "category": "Gel de baño",
    "url": "https://tienda.consum.es/es/p/gel-natural-glicerina/7347334",
    "price": 4.4,
    "reference_price": 0.73,
    "iva": 21,
    "reference_unit": "100 ml",
    "date": "2023-01-17"
  },
  {
    "id": 23294,
    "name": "Tabla de Quesos Nacionales 12 Cuñitas JUAN LUNA",
    "description": "Tabla de Quesos Nacionales 12 Cuñitas 200 Gr",
    "category": "Tablas",
    "url": "https://tienda.consum.es/es/p/tabla-de-quesos-nacionales-12-cunitas/7347524",
    "price": 4.33,
    "reference_price": 21.65,
    "iva": 0,
    "reference_unit": "1 Kg",
    "date": "2023-01-17"
  },
  {
    "id": 23295,
    "name": "Comida Seca Gato Adulto Salmón ULTIMA",
    "description": "Comida Seca Gato Adulto Salmón 1,5 Kg",
    "category": "Seco",
    "url": "https://tienda.consum.es/es/p/comida-seca-gato-adulto-salmon/7347540",
    "price": 9.62,
    "reference_price": 6.41,
    "iva": 10,
    "reference_unit": "1 Kg",
    "date": "2023-01-17"
  },
  {
    "id": 23301,
    "name": "Tabletas Limpiadoras Prótesis SENTI-2",
    "description": "Tabletas Limpiadoras Prótesis 30 U",
    "category": "Productos protésicos",
    "url": "https://tienda.consum.es/es/p/tabletas-limpiadoras-protesis/7347750",
    "price": 2.55,
    "reference_price": 0.09,
    "iva": 21,
    "reference_unit": "1 U",
    "date": "2023-01-17"
  },
  {
    "id": 23303,
    "name": "Ensalada Completa de Pasta y Pollo CONSUM",
    "description": "Ensalada Completa de Pasta y Pollo 310 Gr",
    "category": "Ensaladas preparadas y guacamole",
    "url": "https://tienda.consum.es/es/p/ensalada-completa-de-pasta-y-pollo/7347818",
    "price": 2.99,
    "reference_price": 9.65,
    "iva": 10,
    "reference_unit": "1 Kg",
    "date": "2023-01-17"
  },
  {
    "id": 23305,
    "name": "Agua Mineral con Gas Botella Cristal SOLAN CABRAS",
    "description": "Agua Mineral con Gas Botella Cristal 0,75 L",
    "category": "Agua con gas",
    "url": "https://tienda.consum.es/es/p/agua-mineral-con-gas-botella-cristal/7347842",
    "price": 1.29,
    "reference_price": 1.72,
    "iva": 10,
    "reference_unit": "1 L",
    "date": "2023-01-17"
  },
  {
    "id": 23312,
    "name": "Recambio Fregona Hilo Microfibra Trenzada CONSUM",
    "description": "Recambio Fregona Hilo Microfibra Trenzada 1 U",
    "category": "Fregonas",
    "url": "https://tienda.consum.es/es/p/recambio-fregona-hilo-microfibra-trenzada/7330228",
    "price": 1.5,
    "reference_price": 1.5,
    "iva": 21,
    "reference_unit": "1 U",
    "date": "2023-01-17"
  },
  {
    "id": 23313,
    "name": "Tinte 3/00 Castaño Oscuro KYREY",
    "description": "Tinte 3/00 Castaño Oscuro 1 U",
    "category": "Coloración",
    "url": "https://tienda.consum.es/es/p/tinte-3/00-castano-oscuro/7330256",
    "price": 3.9,
    "reference_price": 3.9,
    "iva": 21,
    "reference_unit": "1 U",
    "date": "2023-01-17"
  },
  {
    "id": 23314,
    "name": "Tinte 5/00 Castaño Claro KYREY",
    "description": "Tinte 5/00 Castaño Claro 1 U",
    "category": "Coloración",
    "url": "https://tienda.consum.es/es/p/tinte-5/00-castano-claro/7330277",
    "price": 3.9,
    "reference_price": 3.9,
    "iva": 21,
    "reference_unit": "1 U",
    "date": "2023-01-17"
  },
  {
    "id": 23316,
    "name": "Galleta Mini Integral Multicereales CONSUM ECO",
    "description": "Galleta Mini Integral Multicereales 225 Gr",
    "category": "Desayuno y maría",
    "url": "https://tienda.consum.es/es/p/galleta-mini-integral-multicereales/7339257",
    "price": 1.99,
    "reference_price": 8.84,
    "iva": 10,
    "reference_unit": "1 Kg",
    "date": "2023-01-17"
  },
  {
    "id": 23317,
    "name": "Pila Cegasa LR20 D Superalkaline CEGASA",
    "description": "Pila Cegasa LR20 D Superalkaline 2 x 1 U",
    "category": "Electricidad, pilas y bombillas",
    "url": "https://tienda.consum.es/es/p/pila-cegasa-lr20-d-superalkaline/7346927",
    "price": 3.85,
    "reference_price": 1.93,
    "iva": 21,
    "reference_unit": "1 U",
    "date": "2023-01-17"
  },
  {
    "id": 23318,
    "name": "Crema de Manos Flor de Algodón LAISEVEN",
    "description": "Crema de Manos Flor de Algodón 30 ml",
    "category": "Cuidado manos y pies",
    "url": "https://tienda.consum.es/es/p/crema-de-manos-flor-de-algodon/7347321",
    "price": 1.2,
    "reference_price": 4,
    "iva": 21,
    "reference_unit": "100 ml",
    "date": "2023-01-17"
  },
  {
    "id": 23319,
    "name": "Papel Regalo Surtido Rollo 70 cm x 2 m ",
    "description": "Papel Regalo Surtido Rollo 70 cm x 2 m 1 U",
    "category": "Decoración y fiestas",
    "url": "https://tienda.consum.es/es/p/papel-regalo-surtido-rollo-70-cm-x-2-m/7347461",
    "price": 1.15,
    "reference_price": 1.15,
    "iva": 21,
    "reference_unit": "1 U",
    "date": "2023-01-17"
  },
  {
    "id": 23320,
    "name": "Rulo Queso Cabra-Vaca COBREROS",
    "description": "Rulo Queso Cabra-Vaca 180 Gr",
    "category": "Brie, camembert y cremosos",
    "url": "https://tienda.consum.es/es/p/rulo-queso-cabra-vaca/7347529",
    "price": 2.26,
    "reference_price": 12.56,
    "iva": 0,
    "reference_unit": "1 Kg",
    "date": "2023-01-17"
  },
  {
    "id": 23321,
    "name": "Crema Noche Golden Piel Madura L'OREAL",
    "description": "Crema Noche Golden Piel Madura 50 ml",
    "category": "Hidratación",
    "url": "https://tienda.consum.es/es/p/crema-noche-golden-piel-madura/7347727",
    "price": 14.9,
    "reference_price": 29.8,
    "iva": 21,
    "reference_unit": "100 ml",
    "date": "2023-01-17"
  },
  {
    "id": 23322,
    "name": "Crema Día Golden Piel Madura y Apagada L'OREAL",
    "description": "Crema Día Golden Piel Madura y Apagada 50 ml",
    "category": "Cuidado facial",
    "url": "https://tienda.consum.es/es/p/crema-dia-golden-piel-madura-y-apagada/7347735",
    "price": 14.9,
    "reference_price": 29.8,
    "iva": 21,
    "reference_unit": "100 ml",
    "date": "2023-01-17"
  },
  {
    "id": 23323,
    "name": "Desodorante Spray B&W Invisible Pocket NIVEA",
    "description": "Desodorante Spray B&W Invisible Pocket 100 ml",
    "category": "Spray",
    "url": "https://tienda.consum.es/es/p/desodorante-spray-bw-invisible-pocket/7347826",
    "price": 1.99,
    "reference_price": 1.99,
    "iva": 21,
    "reference_unit": "100 ml",
    "date": "2023-01-17"
  },
  {
    "id": 23325,
    "name": "Tónica Zero Botella SCHWEPPES",
    "description": "Tónica Zero Botella 1 L",
    "category": "Tónica",
    "url": "https://tienda.consum.es/es/p/tonica-zero-botella/7347867",
    "price": 1.85,
    "reference_price": 1.85,
    "iva": 21,
    "reference_unit": "1 L",
    "date": "2023-01-17"
  },
  {
    "id": 23326,
    "name": "Limpiacristales Estufas y Chimeneas TAMAR",
    "description": "Limpiacristales Estufas y Chimeneas 600 ml",
    "category": "Barbacoa, piscina y playa",
    "url": "https://tienda.consum.es/es/p/limpiacristales-estufas-y-chimeneas/7347958",
    "price": 2.49,
    "reference_price": 4.15,
    "iva": 21,
    "reference_unit": "1 L",
    "date": "2023-01-17"
  },
  {
    "id": 23327,
    "name": "Recambio Fregona Tiras de Microfibra CONSUM",
    "description": "Recambio Fregona Tiras de Microfibra 1 U",
    "category": "Fregonas",
    "url": "https://tienda.consum.es/es/p/recambio-fregona-tiras-de-microfibra/7330231",
    "price": 3.8,
    "reference_price": 3.8,
    "iva": 21,
    "reference_unit": "1 U",
    "date": "2023-01-17"
  },
  {
    "id": 23330,
    "name": "Ambientador Automático Vainilla Orquídea GLADE",
    "description": "Ambientador Automático Vainilla Orquídea 1 U",
    "category": "Eléctricos y automáticos",
    "url": "https://tienda.consum.es/es/p/ambientador-automatico-vainilla-orquidea/7347466",
    "price": 5.07,
    "reference_price": 5.07,
    "iva": 21,
    "reference_unit": "1 U",
    "date": "2023-01-17"
  },
  {
    "id": 23333,
    "name": "Sidra sin Alcohol EL GAITERO",
    "description": "Sidra sin Alcohol 0,75 L",
    "category": "Cavas y sidras",
    "url": "https://tienda.consum.es/es/p/sidra-sin-alcohol/7347847",
    "price": 2.45,
    "reference_price": 3.27,
    "iva": 21,
    "reference_unit": "1 L",
    "date": "2023-01-17"
  },
  {
    "id": 23334,
    "name": "Papel Regalo Kraft 70 cm x 1,5 Metros TIMBRADOS",
    "description": "Papel Regalo Kraft 70 cm x 1,5 Metros 1 U",
    "category": "Decoración y fiestas",
    "url": "https://tienda.consum.es/es/p/papel-regalo-kraft-70-cm-x-15-metros/7347896",
    "price": 0.95,
    "reference_price": 0.95,
    "iva": 21,
    "reference_unit": "1 U",
    "date": "2023-01-17"
  },
  {
    "id": 23335,
    "name": "Néctar Pomelo Light Brik CONSUM",
    "description": "Néctar Pomelo Light Brik 1 L",
    "category": "Zumos y néctares sin azúcar",
    "url": "https://tienda.consum.es/es/p/nectar-pomelo-light-brik/7111677",
    "price": 1.1,
    "reference_price": 1.1,
    "iva": 21,
    "reference_unit": "1 L",
    "date": "2023-01-17"
  },
  {
    "id": 23336,
    "name": "Huevo Ecológico 1/2 Docena CONSUM ECO",
    "description": "Huevo Ecológico 1/2 Docena 0,5 Dc",
    "category": "Huevos",
    "url": "https://tienda.consum.es/es/p/huevo-ecologico-1/2-docena/7338742",
    "price": 2.2,
    "reference_price": 4.4,
    "iva": 0,
    "reference_unit": "1 Dc",
    "date": "2023-01-17"
  },
  {
    "id": 23340,
    "name": "Máscarilla Repara Aceite Argán de Marruecos HERBAL ESSEN",
    "description": "Máscarilla Repara Aceite Argán de Marruecos 250 ml",
    "category": "Mascarillas cabello",
    "url": "https://tienda.consum.es/es/p/mascarilla-repara-aceite-argan-de-marruecos/7347594",
    "price": 4.99,
    "reference_price": 2,
    "iva": 21,
    "reference_unit": "100 ml",
    "date": "2023-01-17"
  },
  {
    "id": 23348,
    "name": "Suavizante Hipoalergénico CONSUM",
    "description": "Suavizante Hipoalergénico 60 Lv",
    "category": "Suavizante",
    "url": "https://tienda.consum.es/es/p/suavizante-hipoalergenico/7330371",
    "price": 1.95,
    "reference_price": 0.03,
    "iva": 21,
    "reference_unit": "1 Lv",
    "date": "2023-01-17"
  },
  {
    "id": 23349,
    "name": "Suavizante Plancha Fácil CONSUM",
    "description": "Suavizante Plancha Fácil 60 Lv",
    "category": "Suavizante",
    "url": "https://tienda.consum.es/es/p/suavizante-plancha-facil/7330376",
    "price": 1.95,
    "reference_price": 0.03,
    "iva": 21,
    "reference_unit": "1 Lv",
    "date": "2023-01-17"
  },
  {
    "id": 23350,
    "name": "Yogur Griego Natural Pack de 4 Unidades CONSUM",
    "description": "Yogur Griego Natural Pack de 4 Unidades 4 x 125 Gr",
    "category": "Cremosos y enriquecidos",
    "url": "https://tienda.consum.es/es/p/yogur-griego-natural-pack-de-4-unidades/7340784",
    "price": 1.01,
    "reference_price": 2.02,
    "iva": 10,
    "reference_unit": "1 Kg",
    "date": "2023-01-17"
  },
  {
    "id": 23355,
    "name": "Serum Revitalift Día Antiarrugas L'OREAL",
    "description": "Serum Revitalift Día Antiarrugas 30 ml",
    "category": "Tratamiento",
    "url": "https://tienda.consum.es/es/p/serum-revitalift-dia-antiarrugas/7347719",
    "price": 20.9,
    "reference_price": 69.67,
    "iva": 21,
    "reference_unit": "100 ml",
    "date": "2023-01-17"
  },
  {
    "id": 23359,
    "name": "Mortadela Ibérica Finas Lonchas LEGADO POZO",
    "description": "Mortadela Ibérica Finas Lonchas 150 Gr",
    "category": "Mortadela y chopped",
    "url": "https://tienda.consum.es/es/p/mortadela-iberica-finas-lonchas/7347888",
    "price": 2.29,
    "reference_price": 15.27,
    "iva": 10,
    "reference_unit": "1 Kg",
    "date": "2023-01-17"
  },
  {
    "id": 23363,
    "name": "Magdalena sin Azúcares Añadidos y Sin Leche LALY",
    "description": "Magdalena sin Azúcares Añadidos y Sin Leche 500 Gr",
    "category": "Bollería industrial",
    "url": "https://tienda.consum.es/es/p/magdalena-sin-azucares-anadidos-y-sin-leche/7348340",
    "price": 2.85,
    "reference_price": 6.33,
    "iva": 10,
    "reference_unit": "1 Kg",
    "date": "2023-01-17"
  },
  {
    "id": 23364,
    "name": "Bizcochos Naranja sin az. añadidos y Sin Leche LALY",
    "description": "Bizcochos Naranja sin az. añadidos y Sin Leche 500 Gr",
    "category": "Bollería industrial",
    "url": "https://tienda.consum.es/es/p/bizcochos-naranja-sin-az-anadidos-y-sin-leche/7348352",
    "price": 2.85,
    "reference_price": 6.33,
    "iva": 10,
    "reference_unit": "1 Kg",
    "date": "2023-01-17"
  },
  {
    "id": 23367,
    "name": "Lasaña Boloñesa DUNANY",
    "description": "Lasaña Boloñesa 350 Gr",
    "category": "De pasta y arroz",
    "url": "https://tienda.consum.es/es/p/lasana-bolonesa/7349264",
    "price": 2.65,
    "reference_price": 7.57,
    "iva": 10,
    "reference_unit": "1 Kg",
    "date": "2023-01-17"
  },
  {
    "id": 23368,
    "name": "Canelones de Carne con Boletus DUNANY",
    "description": "Canelones de Carne con Boletus 350 Gr",
    "category": "De pasta y arroz",
    "url": "https://tienda.consum.es/es/p/canelones-de-carne-con-boletus/7349269",
    "price": 3.9,
    "reference_price": 11.14,
    "iva": 10,
    "reference_unit": "1 Kg",
    "date": "2023-01-17"
  },
  {
    "id": 23370,
    "name": "Lasaña Vegetal DUNANY",
    "description": "Lasaña Vegetal 350 Gr",
    "category": "De pasta y arroz",
    "url": "https://tienda.consum.es/es/p/lasana-vegetal/7349285",
    "price": 2.99,
    "reference_price": 8.54,
    "iva": 10,
    "reference_unit": "1 Kg",
    "date": "2023-01-17"
  },
  {
    "id": 23372,
    "name": "Pan de Picos ",
    "description": "Pan de Picos 280 Gr",
    "category": "Pan de horno",
    "url": "https://tienda.consum.es/es/p/pan-de-picos/7348563",
    "price": 1.14,
    "reference_price": 4,
    "iva": 0,
    "reference_unit": "1 Kg",
    "date": "2023-01-17"
  },
  {
    "id": 23374,
    "name": "Tarrina Cappuccino 900 Ml. CONSUM",
    "description": "Tarrina Cappuccino 900 Ml. 465 Gr",
    "category": "Tarrinas",
    "url": "https://tienda.consum.es/es/p/tarrina-cappuccino-900-ml/7325504",
    "price": 3.59,
    "reference_price": 7.72,
    "iva": 10,
    "reference_unit": "1 Kg",
    "date": "2023-01-17"
  },
  {
    "id": 23375,
    "name": "Cóctel Salseo Bolsa CONSUM",
    "description": "Cóctel Salseo Bolsa 200 Gr",
    "category": "Maíz tostado y cocktail",
    "url": "https://tienda.consum.es/es/p/coctel-salseo-bolsa/7334949",
    "price": 2.19,
    "reference_price": 10.95,
    "iva": 10,
    "reference_unit": "1 Kg",
    "date": "2023-01-17"
  },
  {
    "id": 23384,
    "name": "Queso Cabra Reserva Ya Cortado CARMEN",
    "description": "Queso Cabra Reserva Ya Cortado 200 Gr",
    "category": "Quesos de Cabra",
    "url": "https://tienda.consum.es/es/p/queso-cabra-reserva-ya-cortado/7348022",
    "price": 4.03,
    "reference_price": 20.15,
    "iva": 0,
    "reference_unit": "1 Kg",
    "date": "2023-01-17"
  },
  {
    "id": 23385,
    "name": "Bracitos Rellenos de Nata DULCESOL",
    "description": "Bracitos Rellenos de Nata 250 Gr",
    "category": "Desayuno, dulces y café",
    "url": "https://tienda.consum.es/es/p/bracitos-rellenos-de-nata/7348332",
    "price": 1,
    "reference_price": 8.33,
    "iva": 10,
    "reference_unit": "1 Kg",
    "date": "2023-01-17"
  },
  {
    "id": 23387,
    "name": "Palitos Frutos Secos 2 x 65 gr. HORNO TRAD.",
    "description": "Palitos Frutos Secos 2 x 65 gr. 130 Gr",
    "category": "Rosquilletas, picos y snacks",
    "url": "https://tienda.consum.es/es/p/palitos-frutos-secos-2-x-65-gr/7348357",
    "price": 0.99,
    "reference_price": 7.62,
    "iva": 10,
    "reference_unit": "1 Kg",
    "date": "2023-01-17"
  },
  {
    "id": 23388,
    "name": "Crema B7 Piel Mixta Antimanchas Piel Mixta BELLA AURORA",
    "description": "Crema B7 Piel Mixta Antimanchas Piel Mixta 30 ml",
    "category": "Hidratación",
    "url": "https://tienda.consum.es/es/p/crema-b7-piel-mixta-antimanchas-piel-mixta/7348766",
    "price": 17.5,
    "reference_price": 58.33,
    "iva": 21,
    "reference_unit": "100 ml",
    "date": "2023-01-17"
  },
  {
    "id": 23390,
    "name": "Energy Flapjack Avena y Capuccino JUST LOADING",
    "description": "Energy Flapjack Avena y Capuccino 60 Gr",
    "category": "Para deportistas",
    "url": "https://tienda.consum.es/es/p/energy-flapjack-avena-y-capuccino/7348910",
    "price": 1.15,
    "reference_price": 19.17,
    "iva": 10,
    "reference_unit": "1 Kg",
    "date": "2023-01-17"
  },
  {
    "id": 23394,
    "name": "Galleta con Chocolate Cards 2x5 Packs KINDER",
    "description": "Galleta con Chocolate Cards 2x5 Packs 128 Gr",
    "category": "Galletas de chocolate",
    "url": "https://tienda.consum.es/es/p/galleta-con-chocolate-cards-2x5-packs/7348998",
    "price": 2.29,
    "reference_price": 17.89,
    "iva": 10,
    "reference_unit": "1 Kg",
    "date": "2023-01-17"
  },
  {
    "id": 23395,
    "name": "Energy Bars Almendra y Banana Pack de 3 JUST LOADING",
    "description": "Energy Bars Almendra y Banana Pack de 3 75 Gr",
    "category": "Para deportistas",
    "url": "https://tienda.consum.es/es/p/energy-bars-almendra-y-banana-pack-de-3/7349061",
    "price": 2.15,
    "reference_price": 28.67,
    "iva": 10,
    "reference_unit": "1 Kg",
    "date": "2023-01-17"
  },
  {
    "id": 23397,
    "name": "Energy Gels Fresa y Kiwi Pack de 3 JUST LOADING",
    "description": "Energy Gels Fresa y Kiwi Pack de 3 90 Gr",
    "category": "Para deportistas",
    "url": "https://tienda.consum.es/es/p/energy-gels-fresa-y-kiwi-pack-de-3/7349082",
    "price": 1.75,
    "reference_price": 19.44,
    "iva": 10,
    "reference_unit": "1 Kg",
    "date": "2023-01-17"
  },
  {
    "id": 23399,
    "name": "Lasaña de Pollo DUNANY",
    "description": "Lasaña de Pollo 350 Gr",
    "category": "De pasta y arroz",
    "url": "https://tienda.consum.es/es/p/lasana-de-pollo/7349272",
    "price": 2.99,
    "reference_price": 8.54,
    "iva": 10,
    "reference_unit": "1 Kg",
    "date": "2023-01-17"
  },
  {
    "id": 23404,
    "name": "Yogur Griego Natural Azucarado CONSUM",
    "description": "Yogur Griego Natural Azucarado 4 x 125 Gr",
    "category": "Cremosos y enriquecidos",
    "url": "https://tienda.consum.es/es/p/yogur-griego-natural-azucarado/7340776",
    "price": 1.19,
    "reference_price": 2.38,
    "iva": 10,
    "reference_unit": "1 Kg",
    "date": "2023-01-17"
  },
  {
    "id": 23405,
    "name": "Yogur Griego Stracciatella P-4 ud CONSUM",
    "description": "Yogur Griego Stracciatella P-4 ud 4 x 125 Gr",
    "category": "Cremosos y enriquecidos",
    "url": "https://tienda.consum.es/es/p/yogur-griego-stracciatella-p-4-ud/7340789",
    "price": 1.33,
    "reference_price": 2.66,
    "iva": 10,
    "reference_unit": "1 Kg",
    "date": "2023-01-17"
  },
  {
    "id": 23406,
    "name": "Yogur Griego con Fresa Pack de 4 Unidades CONSUM",
    "description": "Yogur Griego con Fresa Pack de 4 Unidades 4 x 125 Gr",
    "category": "Cremosos y enriquecidos",
    "url": "https://tienda.consum.es/es/p/yogur-griego-con-fresa-pack-de-4-unidades/7340792",
    "price": 1.29,
    "reference_price": 2.58,
    "iva": 10,
    "reference_unit": "1 Kg",
    "date": "2023-01-17"
  },
  {
    "id": 23415,
    "name": "Pouche Manzana Arándano Avena BE PLUS",
    "description": "Pouche Manzana Arándano Avena 100 Gr",
    "category": "Alimentación infantil",
    "url": "https://tienda.consum.es/es/p/pouche-manzana-arandano-avena/7349397",
    "price": 1.09,
    "reference_price": 10.9,
    "iva": 10,
    "reference_unit": "1 Kg",
    "date": "2023-01-17"
  },
  {
    "id": 23420,
    "name": "Tinte 7/00 Rubio Medio KYREY",
    "description": "Tinte 7/00 Rubio Medio 1 U",
    "category": "Coloración",
    "url": "https://tienda.consum.es/es/p/tinte-7/00-rubio-medio/7330301",
    "price": 3.9,
    "reference_price": 3.9,
    "iva": 21,
    "reference_unit": "1 U",
    "date": "2023-01-17"
  },
  {
    "id": 23424,
    "name": "Duplo Dentífrico Herbal Fresh PARODONTAX",
    "description": "Duplo Dentífrico Herbal Fresh 2 x 75 ml",
    "category": "Dentífricos",
    "url": "https://tienda.consum.es/es/p/duplo-dentifrico-herbal-fresh/7349301",
    "price": 8.79,
    "reference_price": 5.86,
    "iva": 21,
    "reference_unit": "100 ml",
    "date": "2023-01-17"
  },
  {
    "id": 23425,
    "name": "Duplo Dentífrico Herbal Original PARODONTAX",
    "description": "Duplo Dentífrico Herbal Original 2 x 75 ml",
    "category": "Dentífricos",
    "url": "https://tienda.consum.es/es/p/duplo-dentifrico-herbal-original/7349306",
    "price": 8.79,
    "reference_price": 5.86,
    "iva": 21,
    "reference_unit": "100 ml",
    "date": "2023-01-17"
  },
  {
    "id": 5574,
    "name": "Queso Mezcla Semicurado Ya Cortado G.BAQUERO",
    "description": "Queso Mezcla Semicurado Ya Cortado 250 Gr",
    "category": "Semicurados",
    "url": "https://tienda.consum.es/es/p/queso-mezcla-semicurado-ya-cortado/7043292",
    "price": 4.61,
    "reference_price": 18.44,
    "iva": 0,
    "reference_unit": "1 Kg",
    "date": "2023-01-17"
  },
  {
    "id": 5576,
    "name": "Sardinillas en Aceite de Oliva Lata CONSUM",
    "description": "Sardinillas en Aceite de Oliva Lata 60 Gr",
    "category": "Sardinas",
    "url": "https://tienda.consum.es/es/p/sardinillas-en-aceite-de-oliva-lata/7043719",
    "price": 1.25,
    "reference_price": 20.83,
    "iva": 10,
    "reference_unit": "1 Kg",
    "date": "2023-01-17"
  },
  {
    "id": 5577,
    "name": "Sardinas en Tomate Lata CONSUM",
    "description": "Sardinas en Tomate Lata 78 Gr",
    "category": "Sardinas",
    "url": "https://tienda.consum.es/es/p/sardinas-en-tomate-lata/7043727",
    "price": 1.12,
    "reference_price": 14.36,
    "iva": 10,
    "reference_unit": "1 Kg",
    "date": "2023-01-17"
  },
  {
    "id": 5578,
    "name": "Sardina en Aceite Girasol Lata CONSUM",
    "description": "Sardina en Aceite Girasol Lata 84 Gr",
    "category": "Sardinas",
    "url": "https://tienda.consum.es/es/p/sardina-en-aceite-girasol-lata/7043730",
    "price": 1.12,
    "reference_price": 13.33,
    "iva": 10,
    "reference_unit": "1 Kg",
    "date": "2023-01-17"
  },
  {
    "id": 5579,
    "name": "Sardinas en Aceite Oliva Lata CONSUM",
    "description": "Sardinas en Aceite Oliva Lata 84 Gr",
    "category": "Sardinas",
    "url": "https://tienda.consum.es/es/p/sardinas-en-aceite-oliva-lata/7043735",
    "price": 1.35,
    "reference_price": 16.07,
    "iva": 10,
    "reference_unit": "1 Kg",
    "date": "2023-01-17"
  },
  {
    "id": 5580,
    "name": "Atún Claro Aceite Oliva Lata CONSUM",
    "description": "Atún Claro Aceite Oliva Lata 72,5 Gr",
    "category": "Atún y bonito",
    "url": "https://tienda.consum.es/es/p/atun-claro-aceite-oliva-lata/7043743",
    "price": 1.45,
    "reference_price": 20,
    "iva": 10,
    "reference_unit": "1 Kg",
    "date": "2023-01-17"
  },
  {
    "id": 5581,
    "name": "Mejillones en Escabeche 8/12 Piezas CONSUM",
    "description": "Mejillones en Escabeche 8/12 Piezas 69 Gr",
    "category": "Mejillones",
    "url": "https://tienda.consum.es/es/p/mejillones-en-escabeche-8/12-piezas/7043748",
    "price": 2.2,
    "reference_price": 31.88,
    "iva": 10,
    "reference_unit": "1 Kg",
    "date": "2023-01-17"
  },
  {
    "id": 5582,
    "name": "Mejillones en Escabeche 13/18 Piezas CONSUM",
    "description": "Mejillones en Escabeche 13/18 Piezas 69 Gr",
    "category": "Mejillones",
    "url": "https://tienda.consum.es/es/p/mejillones-en-escabeche-13/18-piezas/7043750",
    "price": 1.55,
    "reference_price": 22.46,
    "iva": 10,
    "reference_unit": "1 Kg",
    "date": "2023-01-17"
  },
  {
    "id": 5583,
    "name": "Alubia Blanca Cocida Frasco CONSUM",
    "description": "Alubia Blanca Cocida Frasco 400 Gr",
    "category": "Alubias",
    "url": "https://tienda.consum.es/es/p/alubia-blanca-cocida-frasco/7043979",
    "price": 0.75,
    "reference_price": 1.88,
    "iva": 10,
    "reference_unit": "1 Kg",
    "date": "2023-01-17"
  },
  {
    "id": 5584,
    "name": "Lenteja Pardina Cocida Frasco CONSUM",
    "description": "Lenteja Pardina Cocida Frasco 400 Gr",
    "category": "Lentejas",
    "url": "https://tienda.consum.es/es/p/lenteja-pardina-cocida-frasco/7043982",
    "price": 0.75,
    "reference_price": 1.88,
    "iva": 10,
    "reference_unit": "1 Kg",
    "date": "2023-01-17"
  },
  {
    "id": 5585,
    "name": "Garbanzo Cocido Frasco CONSUM",
    "description": "Garbanzo Cocido Frasco 400 Gr",
    "category": "Garbanzos",
    "url": "https://tienda.consum.es/es/p/garbanzo-cocido-frasco/7043987",
    "price": 0.75,
    "reference_price": 1.88,
    "iva": 10,
    "reference_unit": "1 Kg",
    "date": "2023-01-17"
  },
  {
    "id": 5586,
    "name": "Alubia Blanca Cocida Frasco CONSUM",
    "description": "Alubia Blanca Cocida Frasco 200 Gr",
    "category": "Alubias",
    "url": "https://tienda.consum.es/es/p/alubia-blanca-cocida-frasco/7043990",
    "price": 0.6,
    "reference_price": 3,
    "iva": 10,
    "reference_unit": "1 Kg",
    "date": "2023-01-17"
  },
  {
    "id": 5587,
    "name": "Lenteja Pardina Cocida Frasco CONSUM",
    "description": "Lenteja Pardina Cocida Frasco 200 Gr",
    "category": "Lentejas",
    "url": "https://tienda.consum.es/es/p/lenteja-pardina-cocida-frasco/7043995",
    "price": 0.6,
    "reference_price": 3,
    "iva": 10,
    "reference_unit": "1 Kg",
    "date": "2023-01-17"
  },
  {
    "id": 5588,
    "name": "Garbanzos Cocidos Frasco CONSUM",
    "description": "Garbanzos Cocidos Frasco 200 Gr",
    "category": "Garbanzos",
    "url": "https://tienda.consum.es/es/p/garbanzos-cocidos-frasco/7044001",
    "price": 0.6,
    "reference_price": 3,
    "iva": 10,
    "reference_unit": "1 Kg",
    "date": "2023-01-17"
  },
  {
    "id": 5589,
    "name": "Espinacas Frasco CONSUM",
    "description": "Espinacas Frasco 425 Gr",
    "category": "Conservas, aceites y condimentos",
    "url": "https://tienda.consum.es/es/p/espinacas-frasco/7044071",
    "price": 1.39,
    "reference_price": 3.27,
    "iva": 10,
    "reference_unit": "1 Kg",
    "date": "2023-01-17"
  },
  {
    "id": 5590,
    "name": "Patatas Pequeñas Entera Frasco CONSUM",
    "description": "Patatas Pequeñas Entera Frasco 355 Gr",
    "category": "Otros vegetales",
    "url": "https://tienda.consum.es/es/p/patatas-pequenas-entera-frasco/7044092",
    "price": 1.9,
    "reference_price": 5.35,
    "iva": 10,
    "reference_unit": "1 Kg",
    "date": "2023-01-17"
  },
  {
    "id": 5591,
    "name": "Piccolinis de Jamón y Queso congelados BUITONI",
    "description": "Piccolinis de Jamón y Queso congelados 270 Gr",
    "category": "Pizza congelada",
    "url": "https://tienda.consum.es/es/p/piccolinis-de-jamon-y-queso-congelados/7044105",
    "price": 3.45,
    "reference_price": 12.78,
    "iva": 10,
    "reference_unit": "1 Kg",
    "date": "2023-01-17"
  },
  {
    "id": 5592,
    "name": "Pimientos Piquillo Entero 8/12 Piezas Frasco CONSUM",
    "description": "Pimientos Piquillo Entero 8/12 Piezas Frasco 225 Gr",
    "category": "Pimiento",
    "url": "https://tienda.consum.es/es/p/pimientos-piquillo-entero-8/12-piezas-frasco/7044121",
    "price": 1.19,
    "reference_price": 5.29,
    "iva": 10,
    "reference_unit": "1 Kg",
    "date": "2023-01-17"
  },
  {
    "id": 5597,
    "name": "Salsa Picante Louisiana CHOVI",
    "description": "Salsa Picante Louisiana 110 Gr",
    "category": "Otras salsas",
    "url": "https://tienda.consum.es/es/p/salsa-picante-louisiana/7044378",
    "price": 1.15,
    "reference_price": 10.45,
    "iva": 10,
    "reference_unit": "1 Kg",
    "date": "2023-01-17"
  },
  {
    "id": 5599,
    "name": "Friegasuelos Pino CONSUM",
    "description": "Friegasuelos Pino 1,5 L",
    "category": "Fregasuelos",
    "url": "https://tienda.consum.es/es/p/friegasuelos-pino/7044600",
    "price": 0.95,
    "reference_price": 0.63,
    "iva": 21,
    "reference_unit": "1 L",
    "date": "2023-01-17"
  },
  {
    "id": 5602,
    "name": "Agua de Plancha CONSUM",
    "description": "Agua de Plancha 1 L",
    "category": "Aditivos y complementos",
    "url": "https://tienda.consum.es/es/p/agua-de-plancha/7044642",
    "price": 0.65,
    "reference_price": 0.65,
    "iva": 21,
    "reference_unit": "1 L",
    "date": "2023-01-17"
  },
  {
    "id": 5603,
    "name": "Copos de Maiz CONSUM",
    "description": "Copos de Maiz 500 Gr",
    "category": "Cereales",
    "url": "https://tienda.consum.es/es/p/copos-de-maiz/7044746",
    "price": 1.4,
    "reference_price": 2.8,
    "iva": 10,
    "reference_unit": "1 Kg",
    "date": "2023-01-17"
  },
  {
    "id": 5604,
    "name": "Copos Arroz y Trigo CONSUM",
    "description": "Copos Arroz y Trigo 500 Gr",
    "category": "Cereales",
    "url": "https://tienda.consum.es/es/p/copos-arroz-y-trigo/7044753",
    "price": 1.59,
    "reference_price": 3.18,
    "iva": 10,
    "reference_unit": "1 Kg",
    "date": "2023-01-17"
  },
  {
    "id": 5606,
    "name": "Cereales Fruta y Fibra Energéticos CONSUM",
    "description": "Cereales Fruta y Fibra Energéticos 375 Gr",
    "category": "Cereales",
    "url": "https://tienda.consum.es/es/p/cereales-fruta-y-fibra-energeticos/7044766",
    "price": 1.35,
    "reference_price": 3.6,
    "iva": 10,
    "reference_unit": "1 Kg",
    "date": "2023-01-17"
  },
  {
    "id": 5607,
    "name": "Muesli Fruta y Fibra CONSUM",
    "description": "Muesli Fruta y Fibra 500 Gr",
    "category": "Muesli",
    "url": "https://tienda.consum.es/es/p/muesli-fruta-y-fibra/7044774",
    "price": 1.65,
    "reference_price": 3.67,
    "iva": 10,
    "reference_unit": "1 Kg",
    "date": "2023-01-17"
  },
  {
    "id": 5609,
    "name": "Muesli Crujiente Chocolate CONSUM",
    "description": "Muesli Crujiente Chocolate 500 Gr",
    "category": "Muesli",
    "url": "https://tienda.consum.es/es/p/muesli-crujiente-chocolate/7044782",
    "price": 1.75,
    "reference_price": 3.5,
    "iva": 10,
    "reference_unit": "1 Kg",
    "date": "2023-01-17"
  },
  {
    "id": 5611,
    "name": "Cereales Rellenos Cacao CONSUM KIDS",
    "description": "Cereales Rellenos Cacao 375 Gr",
    "category": "Cereales",
    "url": "https://tienda.consum.es/es/p/cereales-rellenos-cacao/7044795",
    "price": 1.79,
    "reference_price": 4.77,
    "iva": 10,
    "reference_unit": "1 Kg",
    "date": "2023-01-17"
  },
  {
    "id": 5612,
    "name": "Judia Plana Bandeja ",
    "description": "Judia Plana Bandeja 250 Gr",
    "category": "Guisantes, habas y judías",
    "url": "https://tienda.consum.es/es/p/judia-plana-bandeja/7044899",
    "price": 1.72,
    "reference_price": 6.88,
    "iva": 0,
    "reference_unit": "1 Kg",
    "date": "2023-01-17"
  },
  {
    "id": 5613,
    "name": "Horchata Botella CONSUM",
    "description": "Horchata Botella 1 L",
    "category": "Horchatas",
    "url": "https://tienda.consum.es/es/p/horchata-botella/7044902",
    "price": 1.19,
    "reference_price": 1.19,
    "iva": 10,
    "reference_unit": "1 L",
    "date": "2023-01-17"
  },
  {
    "id": 5614,
    "name": "Pate Hígado de Cerdo Lata CONSUM",
    "description": "Pate Hígado de Cerdo Lata 200 Gr",
    "category": "Patés y untables",
    "url": "https://tienda.consum.es/es/p/pate-higado-de-cerdo-lata/7044907",
    "price": 1.19,
    "reference_price": 5.95,
    "iva": 10,
    "reference_unit": "1 Kg",
    "date": "2023-01-17"
  },
  {
    "id": 5621,
    "name": "Vaso Chupito Reutilizable FRACOVI",
    "description": "Vaso Chupito Reutilizable 20 U",
    "category": "Desechables",
    "url": "https://tienda.consum.es/es/p/vaso-chupito-reutilizable/7045110",
    "price": 1.69,
    "reference_price": 0.08,
    "iva": 21,
    "reference_unit": "1 U",
    "date": "2023-01-17"
  },
  {
    "id": 5622,
    "name": "Queso Lonchas Fundido 16 Lonchas CONSUM",
    "description": "Queso Lonchas Fundido 16 Lonchas 300 Gr",
    "category": "Barra y otros nacionales",
    "url": "https://tienda.consum.es/es/p/queso-lonchas-fundido-16-lonchas/7045144",
    "price": 1.44,
    "reference_price": 4.8,
    "iva": 0,
    "reference_unit": "1 Kg",
    "date": "2023-01-17"
  },
  {
    "id": 5625,
    "name": "Cerveza Lata ALHAMBRA",
    "description": "Cerveza Lata 0,33 L",
    "category": "Nacional lata",
    "url": "https://tienda.consum.es/es/p/cerveza-lata/7045177",
    "price": 0.69,
    "reference_price": 2.09,
    "iva": 21,
    "reference_unit": "1 L",
    "date": "2023-01-17"
  },
  {
    "id": 5626,
    "name": "Cerveza Reserva 1925 Botella Cristal Pack-6 ALHAMBRA",
    "description": "Cerveza Reserva 1925 Botella Cristal Pack-6 6 x 0,33 L",
    "category": "Nacional botella",
    "url": "https://tienda.consum.es/es/p/cerveza-reserva-1925-botella-cristal-pack-6/7045180",
    "price": 7.38,
    "reference_price": 3.73,
    "iva": 21,
    "reference_unit": "1 L",
    "date": "2023-01-17"
  },
  {
    "id": 5627,
    "name": "Café Molido Natural CONSUM",
    "description": "Café Molido Natural 250 Gr",
    "category": "Café Molido natural",
    "url": "https://tienda.consum.es/es/p/cafe-molido-natural/7045255",
    "price": 1.65,
    "reference_price": 6.6,
    "iva": 10,
    "reference_unit": "1 Kg",
    "date": "2023-01-17"
  },
  {
    "id": 5628,
    "name": "Café Molido Mezcla CONSUM",
    "description": "Café Molido Mezcla 250 Gr",
    "category": "Café Molido mezcla",
    "url": "https://tienda.consum.es/es/p/cafe-molido-mezcla/7045263",
    "price": 1.45,
    "reference_price": 5.8,
    "iva": 10,
    "reference_unit": "1 Kg",
    "date": "2023-01-17"
  },
  {
    "id": 5629,
    "name": "Café Descafeinado Molido Natural CONSUM",
    "description": "Café Descafeinado Molido Natural 250 Gr",
    "category": "Café Molido descafeinado",
    "url": "https://tienda.consum.es/es/p/cafe-descafeinado-molido-natural/7045268",
    "price": 1.65,
    "reference_price": 6.6,
    "iva": 10,
    "reference_unit": "1 Kg",
    "date": "2023-01-17"
  },
  {
    "id": 5630,
    "name": "Chopped Lonchas Lata SERRANO",
    "description": "Chopped Lonchas Lata 150 Gr",
    "category": "Mortadela y chopped",
    "url": "https://tienda.consum.es/es/p/chopped-lonchas-lata/7045300",
    "price": 1.71,
    "reference_price": 11.4,
    "iva": 10,
    "reference_unit": "1 Kg",
    "date": "2023-01-17"
  },
  {
    "id": 5631,
    "name": "Chocolate Naranja Excellent LINDT",
    "description": "Chocolate Naranja Excellent 100 Gr",
    "category": "Tabletas",
    "url": "https://tienda.consum.es/es/p/chocolate-naranja-excellent/7045359",
    "price": 2.65,
    "reference_price": 26.5,
    "iva": 10,
    "reference_unit": "1 Kg",
    "date": "2023-01-17"
  },
  {
    "id": 5632,
    "name": "Vino Blanco Verdejo D.O.Rueda BLUME",
    "description": "Vino Blanco Verdejo D.O.Rueda 0,75 L",
    "category": "Vinos d.o",
    "url": "https://tienda.consum.es/es/p/vino-blanco-verdejo-dorueda/7045503",
    "price": 5.79,
    "reference_price": 7.72,
    "iva": 21,
    "reference_unit": "1 L",
    "date": "2023-01-17"
  },
  {
    "id": 5635,
    "name": "Leche Crecimiento Original Nativa 3 NESTLE",
    "description": "Leche Crecimiento Original Nativa 3 1 L",
    "category": "Leche crecimiento infantil",
    "url": "https://tienda.consum.es/es/p/leche-crecimiento-original-nativa-3/7046030",
    "price": 1.75,
    "reference_price": 1.75,
    "iva": 10,
    "reference_unit": "1 L",
    "date": "2023-01-17"
  },
  {
    "id": 5636,
    "name": "Sardinilla al Limón 6/8 Piezas Lata CONSUM",
    "description": "Sardinilla al Limón 6/8 Piezas Lata 60 Gr",
    "category": "Sardinas",
    "url": "https://tienda.consum.es/es/p/sardinilla-al-limon-6/8-piezas-lata/7046043",
    "price": 0.8,
    "reference_price": 13.33,
    "iva": 10,
    "reference_unit": "1 Kg",
    "date": "2023-01-17"
  },
  {
    "id": 5637,
    "name": "Sardinillas Picantes Lata CONSUM",
    "description": "Sardinillas Picantes Lata 60 Gr",
    "category": "Sardinas",
    "url": "https://tienda.consum.es/es/p/sardinillas-picantes-lata/7046050",
    "price": 0.85,
    "reference_price": 14.17,
    "iva": 10,
    "reference_unit": "1 Kg",
    "date": "2023-01-17"
  },
  {
    "id": 5638,
    "name": "Mejillones Natural 13/18 Piezas CONSUM",
    "description": "Mejillones Natural 13/18 Piezas 69 Gr",
    "category": "Mejillones",
    "url": "https://tienda.consum.es/es/p/mejillones-natural-13/18-piezas/7046055",
    "price": 1.89,
    "reference_price": 27.39,
    "iva": 10,
    "reference_unit": "1 Kg",
    "date": "2023-01-17"
  },
  {
    "id": 5639,
    "name": "Trozos de Calamar en Salsa Americana Pack CONSUM",
    "description": "Trozos de Calamar en Salsa Americana Pack 3 x 59 Gr",
    "category": "Calamares y chipirones",
    "url": "https://tienda.consum.es/es/p/trozos-de-calamar-en-salsa-americana-pack/7046063",
    "price": 1.85,
    "reference_price": 10.45,
    "iva": 10,
    "reference_unit": "1 Kg",
    "date": "2023-01-17"
  },
  {
    "id": 5640,
    "name": "Atún en Tomate Pack de 3 CONSUM",
    "description": "Atún en Tomate Pack de 3 3 x 52 Gr",
    "category": "Atún y bonito",
    "url": "https://tienda.consum.es/es/p/atun-en-tomate-pack-de-3/7046071",
    "price": 2,
    "reference_price": 12.82,
    "iva": 10,
    "reference_unit": "1 Kg",
    "date": "2023-01-17"
  },
  {
    "id": 5641,
    "name": "Atún Claro Natural Pack de 3 CONSUM",
    "description": "Atún Claro Natural Pack de 3 3 x 56 Gr",
    "category": "Atún y bonito",
    "url": "https://tienda.consum.es/es/p/atun-claro-natural-pack-de-3/7046076",
    "price": 2.45,
    "reference_price": 14.58,
    "iva": 10,
    "reference_unit": "1 Kg",
    "date": "2023-01-17"
  },
  {
    "id": 5642,
    "name": "Atún Claro Aceite Girasol Pack de 3 CONSUM",
    "description": "Atún Claro Aceite Girasol Pack de 3 3 x 52 Gr",
    "category": "Atún y bonito",
    "url": "https://tienda.consum.es/es/p/atun-claro-aceite-girasol-pack-de-3/7046092",
    "price": 2.5,
    "reference_price": 16.03,
    "iva": 10,
    "reference_unit": "1 Kg",
    "date": "2023-01-17"
  },
  {
    "id": 5643,
    "name": "Atún Claro Bajo en Sal en Aceite de Oliva Pack 3 CONSUM",
    "description": "Atún Claro Bajo en Sal en Aceite de Oliva Pack 3 3 x 52 Gr",
    "category": "Atún y bonito",
    "url": "https://tienda.consum.es/es/p/atun-claro-bajo-en-sal-en-aceite-de-oliva-pack-3/7046105",
    "price": 2.7,
    "reference_price": 17.31,
    "iva": 10,
    "reference_unit": "1 Kg",
    "date": "2023-01-17"
  },
  {
    "id": 5644,
    "name": "Leche Calcio Entera Brik CONSUM",
    "description": "Leche Calcio Entera Brik 1 L",
    "category": "Leche con calcio",
    "url": "https://tienda.consum.es/es/p/leche-calcio-entera-brik/7046592",
    "price": 0.96,
    "reference_price": 0.96,
    "iva": 0,
    "reference_unit": "1 L",
    "date": "2023-01-17"
  },
  {
    "id": 5645,
    "name": "Leche Calcio. Semidesnatada Brik CONSUM",
    "description": "Leche Calcio. Semidesnatada Brik 1 L",
    "category": "Leche con calcio",
    "url": "https://tienda.consum.es/es/p/leche-calcio-semidesnatada-brik/7046597",
    "price": 0.95,
    "reference_price": 0.95,
    "iva": 0,
    "reference_unit": "1 L",
    "date": "2023-01-17"
  },
  {
    "id": 5646,
    "name": "Leche Calcio Desnatada. Brik CONSUM",
    "description": "Leche Calcio Desnatada. Brik 1 L",
    "category": "Leche con calcio",
    "url": "https://tienda.consum.es/es/p/leche-calcio-desnatada-brik/7046600",
    "price": 0.94,
    "reference_price": 0.94,
    "iva": 0,
    "reference_unit": "1 L",
    "date": "2023-01-17"
  },
  {
    "id": 5647,
    "name": "Zumo con Leche Tropical CONSUM",
    "description": "Zumo con Leche Tropical 3 x 330 ml",
    "category": "Zumos con leche",
    "url": "https://tienda.consum.es/es/p/zumo-con-leche-tropical/7046605",
    "price": 0.9,
    "reference_price": 0.91,
    "iva": 21,
    "reference_unit": "1 L",
    "date": "2023-01-17"
  },
  {
    "id": 5648,
    "name": "Zumo con Leche Mediterráneo CONSUM",
    "description": "Zumo con Leche Mediterráneo 3 x 330 ml",
    "category": "Zumos con leche",
    "url": "https://tienda.consum.es/es/p/zumo-con-leche-mediterraneo/7046613",
    "price": 0.9,
    "reference_price": 0.91,
    "iva": 21,
    "reference_unit": "1 L",
    "date": "2023-01-17"
  },
  {
    "id": 5652,
    "name": "Atún Claro Aceite Oliva Pack de 3 CONSUM",
    "description": "Atún Claro Aceite Oliva Pack de 3 3 x 52 Gr",
    "category": "Atún y bonito",
    "url": "https://tienda.consum.es/es/p/atun-claro-aceite-oliva-pack-de-3/7047017",
    "price": 2.85,
    "reference_price": 18.27,
    "iva": 10,
    "reference_unit": "1 Kg",
    "date": "2023-01-17"
  },
  {
    "id": 5654,
    "name": "Aceitunas Manzanilla con Hueso en Frasco CONSUM",
    "description": "Aceitunas Manzanilla con Hueso en Frasco 250 Gr",
    "category": "Aceitunas con hueso",
    "url": "https://tienda.consum.es/es/p/aceitunas-manzanilla-con-hueso-en-frasco/7047462",
    "price": 1.39,
    "reference_price": 5.56,
    "iva": 10,
    "reference_unit": "1 Kg",
    "date": "2023-01-17"
  },
  {
    "id": 5655,
    "name": "Aceitunas Sabor Anchoa con Hueso en Frasco CONSUM",
    "description": "Aceitunas Sabor Anchoa con Hueso en Frasco 250 Gr",
    "category": "Aceitunas con hueso",
    "url": "https://tienda.consum.es/es/p/aceitunas-sabor-anchoa-con-hueso-en-frasco/7047467",
    "price": 1.59,
    "reference_price": 6.36,
    "iva": 10,
    "reference_unit": "1 Kg",
    "date": "2023-01-17"
  },
  {
    "id": 5660,
    "name": "Judías Verdes Anchas Frasco CONSUM",
    "description": "Judías Verdes Anchas Frasco 360 Gr",
    "category": "Judía verde",
    "url": "https://tienda.consum.es/es/p/judias-verdes-anchas-frasco/7048283",
    "price": 1.15,
    "reference_price": 3.19,
    "iva": 10,
    "reference_unit": "1 Kg",
    "date": "2023-01-17"
  },
  {
    "id": 5662,
    "name": "Pizza congelada Ristorante Mozzarella DR.OETKER",
    "description": "Pizza congelada Ristorante Mozzarella 335 Gr",
    "category": "Pizza congelada",
    "url": "https://tienda.consum.es/es/p/pizza-congelada-ristorante-mozzarella/7048353",
    "price": 4.25,
    "reference_price": 12.69,
    "iva": 10,
    "reference_unit": "1 Kg",
    "date": "2023-01-17"
  },
  {
    "id": 5663,
    "name": "Pizza congelada Ristorante Speciale DR.OETKER",
    "description": "Pizza congelada Ristorante Speciale 330 Gr",
    "category": "Pizza congelada",
    "url": "https://tienda.consum.es/es/p/pizza-congelada-ristorante-speciale/7048358",
    "price": 4.25,
    "reference_price": 12.88,
    "iva": 10,
    "reference_unit": "1 Kg",
    "date": "2023-01-17"
  },
  {
    "id": 5664,
    "name": "Bonito en Aceite de Oliva Lata CONSUM",
    "description": "Bonito en Aceite de Oliva Lata 72 Gr",
    "category": "Atún y bonito",
    "url": "https://tienda.consum.es/es/p/bonito-en-aceite-de-oliva-lata/7048465",
    "price": 1.79,
    "reference_price": 24.86,
    "iva": 10,
    "reference_unit": "1 Kg",
    "date": "2023-01-17"
  },
  {
    "id": 5665,
    "name": "Tarrito Buenas Noches Pollo y Verduritas Pack 2 HERO",
    "description": "Tarrito Buenas Noches Pollo y Verduritas Pack 2 2 x 190 Gr",
    "category": "Alimentación infantil",
    "url": "https://tienda.consum.es/es/p/tarrito-buenas-noches-pollo-y-verduritas-pack-2/7048569",
    "price": 2.45,
    "reference_price": 6.45,
    "iva": 10,
    "reference_unit": "1 Kg",
    "date": "2023-01-17"
  },
  {
    "id": 5666,
    "name": "Tarrito Buenas Noches Pescadilla Pack 2 HERO",
    "description": "Tarrito Buenas Noches Pescadilla Pack 2 2 x 190 Gr",
    "category": "Alimentación infantil",
    "url": "https://tienda.consum.es/es/p/tarrito-buenas-noches-pescadilla-pack-2/7048572",
    "price": 2.45,
    "reference_price": 6.45,
    "iva": 10,
    "reference_unit": "1 Kg",
    "date": "2023-01-17"
  },
  {
    "id": 5669,
    "name": "Pan Tostado Normal 30 Rebanadas CONSUM",
    "description": "Pan Tostado Normal 30 Rebanadas 270 Gr",
    "category": "Tostadas y minibiscotes",
    "url": "https://tienda.consum.es/es/p/pan-tostado-normal-30-rebanadas/7049229",
    "price": 1.35,
    "reference_price": 5,
    "iva": 10,
    "reference_unit": "1 Kg",
    "date": "2023-01-17"
  },
  {
    "id": 5670,
    "name": "Pan Tostado Integral 30 Rebanadas CONSUM",
    "description": "Pan Tostado Integral 30 Rebanadas 270 Gr",
    "category": "Tostadas y minibiscotes",
    "url": "https://tienda.consum.es/es/p/pan-tostado-integral-30-rebanadas/7049232",
    "price": 1.35,
    "reference_price": 5,
    "iva": 10,
    "reference_unit": "1 Kg",
    "date": "2023-01-17"
  },
  {
    "id": 5671,
    "name": "Pan Tostado Bajo en Sal 30 Rebanadas CONSUM",
    "description": "Pan Tostado Bajo en Sal 30 Rebanadas 270 Gr",
    "category": "Tostadas y minibiscotes",
    "url": "https://tienda.consum.es/es/p/pan-tostado-bajo-en-sal-30-rebanadas/7049237",
    "price": 1.49,
    "reference_price": 5.52,
    "iva": 10,
    "reference_unit": "1 Kg",
    "date": "2023-01-17"
  },
  {
    "id": 5672,
    "name": "Actimel Líquido 0% Fresa Pack 6 Unidades DANONE",
    "description": "Actimel Líquido 0% Fresa Pack 6 Unidades 6 x 100 Gr",
    "category": "L-casei",
    "url": "https://tienda.consum.es/es/p/actimel-liquido-0-fresa-pack-6-unidades/7049299",
    "price": 3.79,
    "reference_price": 6.32,
    "iva": 10,
    "reference_unit": "1 Kg",
    "date": "2023-01-17"
  },
  {
    "id": 5675,
    "name": "Burguitos Natural ARIAS",
    "description": "Burguitos Natural 108 Gr",
    "category": "Frescos y para ensaladas",
    "url": "https://tienda.consum.es/es/p/burguitos-natural/7049559",
    "price": 1.43,
    "reference_price": 13.24,
    "iva": 0,
    "reference_unit": "1 Kg",
    "date": "2023-01-17"
  },
  {
    "id": 5676,
    "name": "Vinagre de Vino Blanco CONSUM",
    "description": "Vinagre de Vino Blanco 1 L",
    "category": "Vinagre",
    "url": "https://tienda.consum.es/es/p/vinagre-de-vino-blanco/7049690",
    "price": 0.55,
    "reference_price": 0.55,
    "iva": 10,
    "reference_unit": "1 L",
    "date": "2023-01-17"
  },
  {
    "id": 5677,
    "name": "Salchichas con Queso Jumbo OSCAR MAYER",
    "description": "Salchichas con Queso Jumbo 350 Gr",
    "category": "Salchichas",
    "url": "https://tienda.consum.es/es/p/salchichas-con-queso-jumbo/7050326",
    "price": 2.55,
    "reference_price": 7.29,
    "iva": 10,
    "reference_unit": "1 Kg",
    "date": "2023-01-17"
  },
  {
    "id": 5681,
    "name": "Pan Rallado Natural Paquete CONSUM",
    "description": "Pan Rallado Natural Paquete 500 Gr",
    "category": "Pan rallado",
    "url": "https://tienda.consum.es/es/p/pan-rallado-natural-paquete/7050516",
    "price": 0.89,
    "reference_price": 1.78,
    "iva": 10,
    "reference_unit": "1 Kg",
    "date": "2023-01-17"
  },
  {
    "id": 5683,
    "name": "Vinagre de Manzana CONSUM",
    "description": "Vinagre de Manzana 1 L",
    "category": "Vinagre",
    "url": "https://tienda.consum.es/es/p/vinagre-de-manzana/7050644",
    "price": 0.7,
    "reference_price": 0.7,
    "iva": 10,
    "reference_unit": "1 L",
    "date": "2023-01-17"
  },
  {
    "id": 5684,
    "name": "Vinagre de Jerez Botella Cristal CONSUM",
    "description": "Vinagre de Jerez Botella Cristal 0,25 L",
    "category": "Vinagre",
    "url": "https://tienda.consum.es/es/p/vinagre-de-jerez-botella-cristal/7050677",
    "price": 1.6,
    "reference_price": 6.4,
    "iva": 10,
    "reference_unit": "1 L",
    "date": "2023-01-17"
  },
  {
    "id": 5685,
    "name": "Vinagre Balsámico de Módena CONSUM",
    "description": "Vinagre Balsámico de Módena 0,25 L",
    "category": "Vinagre",
    "url": "https://tienda.consum.es/es/p/vinagre-balsamico-de-modena/7050680",
    "price": 1.1,
    "reference_price": 4.4,
    "iva": 10,
    "reference_unit": "1 L",
    "date": "2023-01-17"
  },
  {
    "id": 5687,
    "name": "Peques3 Crecimiento Preparado Lácteo PULEVA",
    "description": "Peques3 Crecimiento Preparado Lácteo 1 L",
    "category": "Leche crecimiento infantil",
    "url": "https://tienda.consum.es/es/p/peques3-crecimiento-preparado-lacteo/7051597",
    "price": 1.85,
    "reference_price": 1.85,
    "iva": 10,
    "reference_unit": "1 L",
    "date": "2023-01-17"
  },
  {
    "id": 5688,
    "name": "Leche Continuación Brik Peques 2 PULEVA",
    "description": "Leche Continuación Brik Peques 2 1 L",
    "category": "Leche crecimiento infantil",
    "url": "https://tienda.consum.es/es/p/leche-continuacion-brik-peques-2/7051600",
    "price": 1.85,
    "reference_price": 1.85,
    "iva": 10,
    "reference_unit": "1 L",
    "date": "2023-01-17"
  },
  {
    "id": 5689,
    "name": "Mejillones Picantes 13/18 Piezas CONSUM",
    "description": "Mejillones Picantes 13/18 Piezas 69 Gr",
    "category": "Mejillones",
    "url": "https://tienda.consum.es/es/p/mejillones-picantes-13/18-piezas/7051782",
    "price": 1.99,
    "reference_price": 28.84,
    "iva": 10,
    "reference_unit": "1 Kg",
    "date": "2023-01-17"
  },
  {
    "id": 5691,
    "name": "Refresco Cola Zero Botella COCA-COLA",
    "description": "Refresco Cola Zero Botella 2 L",
    "category": "Cola",
    "url": "https://tienda.consum.es/es/p/refresco-cola-zero-botella/7052330",
    "price": 2.1,
    "reference_price": 1.05,
    "iva": 21,
    "reference_unit": "1 L",
    "date": "2023-01-17"
  },
  {
    "id": 5693,
    "name": "Comida Seca Perros Ultima Razas Pequeñas ULTIMA",
    "description": "Comida Seca Perros Ultima Razas Pequeñas 1,5 Kg",
    "category": "Seco",
    "url": "https://tienda.consum.es/es/p/comida-seca-perros-ultima-razas-pequenas/7052970",
    "price": 6.95,
    "reference_price": 4.63,
    "iva": 10,
    "reference_unit": "1 Kg",
    "date": "2023-01-17"
  },
  {
    "id": 5695,
    "name": "Tortilla de Trigo Paquete 8 Unidades ZANUY",
    "description": "Tortilla de Trigo Paquete 8 Unidades 325 Gr",
    "category": "Pan de hamburguesa, hot dog y wraps",
    "url": "https://tienda.consum.es/es/p/tortilla-de-trigo-paquete-8-unidades/7053119",
    "price": 1.8,
    "reference_price": 5.63,
    "iva": 10,
    "reference_unit": "1 Kg",
    "date": "2023-01-17"
  },
  {
    "id": 5696,
    "name": "Tortilla Chip Sal ZANUY",
    "description": "Tortilla Chip Sal 200 Gr",
    "category": "Snacks y otros aperitivos",
    "url": "https://tienda.consum.es/es/p/tortilla-chip-sal/7053127",
    "price": 1.59,
    "reference_price": 7.95,
    "iva": 10,
    "reference_unit": "1 Kg",
    "date": "2023-01-17"
  },
  {
    "id": 5699,
    "name": "Macedonia de Verduras Frasco CONSUM",
    "description": "Macedonia de Verduras Frasco 325 Gr",
    "category": "Macedonias y menestras",
    "url": "https://tienda.consum.es/es/p/macedonia-de-verduras-frasco/7053700",
    "price": 0.9,
    "reference_price": 2.77,
    "iva": 10,
    "reference_unit": "1 Kg",
    "date": "2023-01-17"
  },
  {
    "id": 5700,
    "name": "Espinacas Bolsa CONSUM",
    "description": "Espinacas Bolsa 300 Gr",
    "category": "Otras verduras",
    "url": "https://tienda.consum.es/es/p/espinacas-bolsa/7054273",
    "price": 1.2,
    "reference_price": 4,
    "iva": 0,
    "reference_unit": "1 Kg",
    "date": "2023-01-17"
  },
  {
    "id": 5701,
    "name": "Acelgas Bolsa CONSUM",
    "description": "Acelgas Bolsa 300 Gr",
    "category": "Otras verduras",
    "url": "https://tienda.consum.es/es/p/acelgas-bolsa/7054286",
    "price": 1.11,
    "reference_price": 3.7,
    "iva": 0,
    "reference_unit": "1 Kg",
    "date": "2023-01-17"
  },
  {
    "id": 5702,
    "name": "Galleta María sin Azúcares GULLON ZERO",
    "description": "Galleta María sin Azúcares 400 Gr",
    "category": "Desayuno y maría",
    "url": "https://tienda.consum.es/es/p/galleta-maria-sin-azucares/7054294",
    "price": 2.65,
    "reference_price": 6.63,
    "iva": 10,
    "reference_unit": "1 Kg",
    "date": "2023-01-17"
  },
  {
    "id": 5703,
    "name": "Lechuga Iceberg Bolsa CONSUM",
    "description": "Lechuga Iceberg Bolsa 250 Gr",
    "category": "Ensaladas y brotes",
    "url": "https://tienda.consum.es/es/p/lechuga-iceberg-bolsa/7054307",
    "price": 0.86,
    "reference_price": 3.44,
    "iva": 0,
    "reference_unit": "1 Kg",
    "date": "2023-01-17"
  },
  {
    "id": 5704,
    "name": "Canónigos Bolsa CONSUM",
    "description": "Canónigos Bolsa 125 Gr",
    "category": "Ensaladas y brotes",
    "url": "https://tienda.consum.es/es/p/canonigos-bolsa/7054315",
    "price": 1.14,
    "reference_price": 9.12,
    "iva": 0,
    "reference_unit": "1 Kg",
    "date": "2023-01-17"
  },
  {
    "id": 5705,
    "name": "Ensalada 4 Estaciones Bolsa CONSUM",
    "description": "Ensalada 4 Estaciones Bolsa 250 Gr",
    "category": "Ensaladas y brotes",
    "url": "https://tienda.consum.es/es/p/ensalada-4-estaciones-bolsa/7054323",
    "price": 0.76,
    "reference_price": 3.04,
    "iva": 0,
    "reference_unit": "1 Kg",
    "date": "2023-01-17"
  },
  {
    "id": 5706,
    "name": "Rodillo Quitapelusa S.BRITE",
    "description": "Rodillo Quitapelusa 1 U",
    "category": "Útiles de limpieza",
    "url": "https://tienda.consum.es/es/p/rodillo-quitapelusa/7054349",
    "price": 4.29,
    "reference_price": 4.29,
    "iva": 21,
    "reference_unit": "1 U",
    "date": "2023-01-17"
  },
  {
    "id": 5708,
    "name": "Aceitunas Rellenas de Anchoas Pack de 3 JOLCA",
    "description": "Aceitunas Rellenas de Anchoas Pack de 3 3 x 50 Gr",
    "category": "Aceitunas sin hueso",
    "url": "https://tienda.consum.es/es/p/aceitunas-rellenas-de-anchoas-pack-de-3/7055150",
    "price": 2.75,
    "reference_price": 18.33,
    "iva": 10,
    "reference_unit": "1 Kg",
    "date": "2023-01-17"
  },
  {
    "id": 5709,
    "name": "Aceitunas Rellenas Anchoa Cantábrico Lata JOLCA",
    "description": "Aceitunas Rellenas Anchoa Cantábrico Lata 150 Gr",
    "category": "Aceitunas sin hueso",
    "url": "https://tienda.consum.es/es/p/aceitunas-rellenas-anchoa-cantabrico-lata/7055155",
    "price": 1.99,
    "reference_price": 13.27,
    "iva": 10,
    "reference_unit": "1 Kg",
    "date": "2023-01-17"
  },
  {
    "id": 5711,
    "name": "Mermelada Fresa Frasco CONSUM",
    "description": "Mermelada Fresa Frasco 410 Gr",
    "category": "Mermeladas y confituras",
    "url": "https://tienda.consum.es/es/p/mermelada-fresa-frasco/7055259",
    "price": 1.4,
    "reference_price": 3.41,
    "iva": 10,
    "reference_unit": "1 Kg",
    "date": "2023-01-17"
  },
  {
    "id": 5712,
    "name": "Mermelada Melocotón Frasco CONSUM",
    "description": "Mermelada Melocotón Frasco 410 Gr",
    "category": "Mermeladas y confituras",
    "url": "https://tienda.consum.es/es/p/mermelada-melocoton-frasco/7055267",
    "price": 1.4,
    "reference_price": 3.41,
    "iva": 10,
    "reference_unit": "1 Kg",
    "date": "2023-01-17"
  },
  {
    "id": 5715,
    "name": "Desodorante Spray Invisible DOVE",
    "description": "Desodorante Spray Invisible 200 ml",
    "category": "Spray",
    "url": "https://tienda.consum.es/es/p/desodorante-spray-invisible/7055577",
    "price": 3.55,
    "reference_price": 1.78,
    "iva": 21,
    "reference_unit": "100 ml",
    "date": "2023-01-17"
  },
  {
    "id": 5717,
    "name": "Mega Mix Snacks Bolsa CONSUM",
    "description": "Mega Mix Snacks Bolsa 140 Gr",
    "category": "Snacks y otros aperitivos",
    "url": "https://tienda.consum.es/es/p/mega-mix-snacks-bolsa/7056380",
    "price": 0.99,
    "reference_price": 7.07,
    "iva": 10,
    "reference_unit": "1 Kg",
    "date": "2023-01-17"
  },
  {
    "id": 5718,
    "name": "Conos de Maíz Sabor Queso-Bacon CONSUM",
    "description": "Conos de Maíz Sabor Queso-Bacon 80 Gr",
    "category": "Snacks y otros aperitivos",
    "url": "https://tienda.consum.es/es/p/conos-de-maiz-sabor-queso-bacon/7056385",
    "price": 0.7,
    "reference_price": 8.75,
    "iva": 10,
    "reference_unit": "1 Kg",
    "date": "2023-01-17"
  },
  {
    "id": 5719,
    "name": "Patatas Fritas Lisas Bolsa Papel CONSUM",
    "description": "Patatas Fritas Lisas Bolsa Papel 300 Gr",
    "category": "Patatas fritas",
    "url": "https://tienda.consum.es/es/p/patatas-fritas-lisas-bolsa-papel/7056406",
    "price": 1.9,
    "reference_price": 6.33,
    "iva": 10,
    "reference_unit": "1 Kg",
    "date": "2023-01-17"
  },
  {
    "id": 5720,
    "name": "Patatas Fritas Lisas Ligeras Bolsa CONSUM",
    "description": "Patatas Fritas Lisas Ligeras Bolsa 130 Gr",
    "category": "Patatas fritas",
    "url": "https://tienda.consum.es/es/p/patatas-fritas-lisas-ligeras-bolsa/7056521",
    "price": 1.1,
    "reference_price": 8.46,
    "iva": 10,
    "reference_unit": "1 Kg",
    "date": "2023-01-17"
  },
  {
    "id": 5721,
    "name": "Patatas Fritas Onduladas Jamón Bolsa CONSUM",
    "description": "Patatas Fritas Onduladas Jamón Bolsa 170 Gr",
    "category": "Patatas fritas",
    "url": "https://tienda.consum.es/es/p/patatas-fritas-onduladas-jamon-bolsa/7056542",
    "price": 1.3,
    "reference_price": 7.65,
    "iva": 10,
    "reference_unit": "1 Kg",
    "date": "2023-01-17"
  },
  {
    "id": 5722,
    "name": "Ruedas de Patata Bolsa CONSUM",
    "description": "Ruedas de Patata Bolsa 80 Gr",
    "category": "Snacks y otros aperitivos",
    "url": "https://tienda.consum.es/es/p/ruedas-de-patata-bolsa/7056554",
    "price": 1.15,
    "reference_price": 14.38,
    "iva": 10,
    "reference_unit": "1 Kg",
    "date": "2023-01-17"
  },
  {
    "id": 23426,
    "name": "Pouche Bío Pera Manzana Albaricoque BE PLUS",
    "description": "Pouche Bío Pera Manzana Albaricoque 100 Gr",
    "category": "Alimentación infantil",
    "url": "https://tienda.consum.es/es/p/pouche-bio-pera-manzana-albaricoque/7349426",
    "price": 1.09,
    "reference_price": 10.9,
    "iva": 10,
    "reference_unit": "1 Kg",
    "date": "2023-01-17"
  },
  {
    "id": 23455,
    "name": "Refresco Multifrutas Cero sin Gas 35% Zumo CONSUM",
    "description": "Refresco Multifrutas Cero sin Gas 35% Zumo 1,5 L",
    "category": "Refrescos sin gas",
    "url": "https://tienda.consum.es/es/p/refresco-multifrutas-cero-sin-gas-35-zumo/7338510",
    "price": 0.98,
    "reference_price": 0.65,
    "iva": 21,
    "reference_unit": "1 L",
    "date": "2023-01-17"
  },
  {
    "id": 23456,
    "name": "Higiénico Acolchado Tres Capas CONSUM",
    "description": "Higiénico Acolchado Tres Capas 6 U",
    "category": "Papel higiénico",
    "url": "https://tienda.consum.es/es/p/higienico-acolchado-tres-capas/7338767",
    "price": 3.85,
    "reference_price": 0.64,
    "iva": 21,
    "reference_unit": "1 U",
    "date": "2023-01-17"
  },
  {
    "id": 23457,
    "name": "Tomate Triturado con Cebolla CONSUM",
    "description": "Tomate Triturado con Cebolla 390 Gr",
    "category": "Tomate",
    "url": "https://tienda.consum.es/es/p/tomate-triturado-con-cebolla/7343291",
    "price": 0.85,
    "reference_price": 2.18,
    "iva": 10,
    "reference_unit": "1 Kg",
    "date": "2023-01-17"
  },
  {
    "id": 23458,
    "name": "Miel de Flores Pack de 10 HELIOS",
    "description": "Miel de Flores Pack de 10 10 x 25 Gr",
    "category": "Miel",
    "url": "https://tienda.consum.es/es/p/miel-de-flores-pack-de-10/7346856",
    "price": 2.85,
    "reference_price": 11.4,
    "iva": 10,
    "reference_unit": "1 Kg",
    "date": "2023-01-17"
  },
  {
    "id": 23476,
    "name": "Barritas Almendra Chocolate con Leche EL ALMENDRO",
    "description": "Barritas Almendra Chocolate con Leche 4 x 25 Gr",
    "category": "Barritas ",
    "url": "https://tienda.consum.es/es/p/barritas-almendra-chocolate-con-leche/7348613",
    "price": 2.69,
    "reference_price": 26.9,
    "iva": 10,
    "reference_unit": "1 Kg",
    "date": "2023-01-17"
  },
  {
    "id": 23477,
    "name": "Gel Baño Bebé Piel Atópica MY BABY",
    "description": "Gel Baño Bebé Piel Atópica 500 ml",
    "category": "Cremas, lociones y colonia",
    "url": "https://tienda.consum.es/es/p/gel-bano-bebe-piel-atopica/7348626",
    "price": 5.99,
    "reference_price": 1.2,
    "iva": 21,
    "reference_unit": "100 ml",
    "date": "2023-01-17"
  },
  {
    "id": 23478,
    "name": "Loción Corporal Bebé Piel Atópica MY BABY",
    "description": "Loción Corporal Bebé Piel Atópica 500 ml",
    "category": "Cremas, lociones y colonia",
    "url": "https://tienda.consum.es/es/p/locion-corporal-bebe-piel-atopica/7348639",
    "price": 6.99,
    "reference_price": 1.4,
    "iva": 21,
    "reference_unit": "100 ml",
    "date": "2023-01-17"
  },
  {
    "id": 23480,
    "name": "Serum Stop Frizz Pelo Largo ELVIVE",
    "description": "Serum Stop Frizz Pelo Largo 1 U",
    "category": "Serums, aceites y otros",
    "url": "https://tienda.consum.es/es/p/serum-stop-frizz-pelo-largo/7348733",
    "price": 5.4,
    "reference_price": 5.4,
    "iva": 21,
    "reference_unit": "1 U",
    "date": "2023-01-17"
  },
  {
    "id": 23484,
    "name": "Gummy Power Cafeína Pack de 3 JUST LOADING",
    "description": "Gummy Power Cafeína Pack de 3 90 Gr",
    "category": "Para deportistas",
    "url": "https://tienda.consum.es/es/p/gummy-power-cafeina-pack-de-3/7349103",
    "price": 2.55,
    "reference_price": 28.33,
    "iva": 10,
    "reference_unit": "1 Kg",
    "date": "2023-01-17"
  },
  {
    "id": 23490,
    "name": "Champú Vitalidad 5 Plantas ORIG.REMEDIS",
    "description": "Champú Vitalidad 5 Plantas 300 ml",
    "category": "Champú",
    "url": "https://tienda.consum.es/es/p/champu-vitalidad-5-plantas/7349434",
    "price": 3.29,
    "reference_price": 1.1,
    "iva": 21,
    "reference_unit": "100 ml",
    "date": "2023-01-17"
  },
  {
    "id": 23498,
    "name": "Atún Claro Aceite Oliva Pack 3 ALBO",
    "description": "Atún Claro Aceite Oliva Pack 3 3 x 48 Gr",
    "category": "Atún y bonito",
    "url": "https://tienda.consum.es/es/p/atun-claro-aceite-oliva-pack-3/7349850",
    "price": 4.45,
    "reference_price": 30.9,
    "iva": 10,
    "reference_unit": "1 Kg",
    "date": "2023-01-17"
  },
  {
    "id": 23503,
    "name": "Membrillo sin Azúcar CONSUM",
    "description": "Membrillo sin Azúcar 2 x 185 Gr",
    "category": "Membrillos y compotas",
    "url": "https://tienda.consum.es/es/p/membrillo-sin-azucar/7330673",
    "price": 2.05,
    "reference_price": 5.54,
    "iva": 10,
    "reference_unit": "1 Kg",
    "date": "2023-01-17"
  },
  {
    "id": 23509,
    "name": "Limpiador Baño Oceánco CONSUM",
    "description": "Limpiador Baño Oceánco 1,5 L",
    "category": "Limpieza baños",
    "url": "https://tienda.consum.es/es/p/limpiador-bano-oceanco/7342673",
    "price": 1.45,
    "reference_price": 0.97,
    "iva": 21,
    "reference_unit": "1 L",
    "date": "2023-01-17"
  },
  {
    "id": 23510,
    "name": "Pipas Tostadas sin Sal Bolsa CONSUM",
    "description": "Pipas Tostadas sin Sal Bolsa 175 Gr",
    "category": "Pipas",
    "url": "https://tienda.consum.es/es/p/pipas-tostadas-sin-sal-bolsa/7344190",
    "price": 1.25,
    "reference_price": 7.14,
    "iva": 10,
    "reference_unit": "1 Kg",
    "date": "2023-01-17"
  },
  {
    "id": 23517,
    "name": "Café Molido Ecológico BONKA",
    "description": "Café Molido Ecológico 250 Gr",
    "category": "Café Molido natural",
    "url": "https://tienda.consum.es/es/p/cafe-molido-ecologico/7349319",
    "price": 3.25,
    "reference_price": 13,
    "iva": 10,
    "reference_unit": "1 Kg",
    "date": "2023-01-17"
  },
  {
    "id": 23519,
    "name": "Mascarilla Delicatesse Hidratante y Protectora ORIG.REMEDIS",
    "description": "Mascarilla Delicatesse Hidratante y Protectora 300 ml",
    "category": "Mascarillas cabello",
    "url": "https://tienda.consum.es/es/p/mascarilla-delicatesse-hidratante-y-protectora/7349439",
    "price": 4.15,
    "reference_price": 1.38,
    "iva": 21,
    "reference_unit": "100 ml",
    "date": "2023-01-17"
  },
  {
    "id": 23522,
    "name": "Apósitos Piel Sensible Surtido PHARMADOCT",
    "description": "Apósitos Piel Sensible Surtido 20 U",
    "category": "Bandas protectoras adhesivas",
    "url": "https://tienda.consum.es/es/p/apositos-piel-sensible-surtido/7349702",
    "price": 1.25,
    "reference_price": 0.06,
    "iva": 21,
    "reference_unit": "1 U",
    "date": "2023-01-17"
  },
  {
    "id": 23524,
    "name": "Gilda Aceituna y Guindilla con Aceite de Oliva KIMBO",
    "description": "Gilda Aceituna y Guindilla con Aceite de Oliva 95 Gr",
    "category": "Banderillas y cocktails",
    "url": "https://tienda.consum.es/es/p/gilda-aceituna-y-guindilla-con-aceite-de-oliva/7349728",
    "price": 3.35,
    "reference_price": 35.26,
    "iva": 10,
    "reference_unit": "1 Kg",
    "date": "2023-01-17"
  },
  {
    "id": 23526,
    "name": "Salchichón Ibérico Extra ENTRECAÑOS",
    "description": "Salchichón Ibérico Extra",
    "category": "Ibéricos",
    "url": "https://tienda.consum.es/es/p/salchichon-iberico-extra/7349996",
    "price": 5.23,
    "reference_price": 14.9,
    "iva": 10,
    "reference_unit": "1 Kg",
    "date": "2023-01-17"
  },
  {
    "id": 23527,
    "name": "Chorizo Ibérico Extra ENTRECAÑOS",
    "description": "Chorizo Ibérico Extra",
    "category": "Chorizo",
    "url": "https://tienda.consum.es/es/p/chorizo-iberico-extra/7350028",
    "price": 7.45,
    "reference_price": 14.9,
    "iva": 10,
    "reference_unit": "1 Kg",
    "date": "2023-01-17"
  },
  {
    "id": 23528,
    "name": "Snack Papadelta Sabor Jamón Bolsa GREFUSA",
    "description": "Snack Papadelta Sabor Jamón Bolsa 73 Gr",
    "category": "Snacks y otros aperitivos",
    "url": "https://tienda.consum.es/es/p/snack-papadelta-sabor-jamon-bolsa/7350069",
    "price": 1.69,
    "reference_price": 23.15,
    "iva": 10,
    "reference_unit": "1 Kg",
    "date": "2023-01-17"
  },
  {
    "id": 23529,
    "name": "Snack Gublins Sabor Barbacoa Bolsa GREFUSA",
    "description": "Snack Gublins Sabor Barbacoa Bolsa 135 Gr",
    "category": "Snacks y otros aperitivos",
    "url": "https://tienda.consum.es/es/p/snack-gublins-sabor-barbacoa-bolsa/7350072",
    "price": 1.69,
    "reference_price": 12.52,
    "iva": 10,
    "reference_unit": "1 Kg",
    "date": "2023-01-17"
  },
  {
    "id": 23530,
    "name": "Escalopin Lomo Adob. Extra Tierno EL POZO",
    "description": "Escalopin Lomo Adob. Extra Tierno 600 Gr",
    "category": "Cerdo",
    "url": "https://tienda.consum.es/es/p/escalopin-lomo-adob-extra-tierno/7350320",
    "price": 5.3,
    "reference_price": 8.83,
    "iva": 10,
    "reference_unit": "1 Kg",
    "date": "2023-01-17"
  },
  {
    "id": 23533,
    "name": "Licor Whisky Canela SPICE MONKEY",
    "description": "Licor Whisky Canela 0,7 L",
    "category": "Licores y vermouth",
    "url": "https://tienda.consum.es/es/p/licor-whisky-canela/7350650",
    "price": 12.9,
    "reference_price": 18.43,
    "iva": 21,
    "reference_unit": "1 L",
    "date": "2023-01-17"
  },
  {
    "id": 23534,
    "name": "Galletas Dinosaurus Chocolate Blanco ARTIACH",
    "description": "Galletas Dinosaurus Chocolate Blanco 352 Gr",
    "category": "Galletas de chocolate",
    "url": "https://tienda.consum.es/es/p/galletas-dinosaurus-chocolate-blanco/7350684",
    "price": 3.99,
    "reference_price": 11.34,
    "iva": 10,
    "reference_unit": "1 Kg",
    "date": "2023-01-17"
  },
  {
    "id": 23542,
    "name": "Pechuga de Pavo CAMPOFRÍO",
    "description": "Pechuga de Pavo",
    "category": "Fiambres ave",
    "url": "https://tienda.consum.es/es/p/pechuga-de-pavo/7287969",
    "price": 13.85,
    "reference_price": 13.85,
    "iva": 10,
    "reference_unit": "1 Kg",
    "date": "2023-01-17"
  },
  {
    "id": 23549,
    "name": "Corrector Líquido 2R L'OREAL",
    "description": "Corrector Líquido 2R 1 U",
    "category": "Rostro",
    "url": "https://tienda.consum.es/es/p/corrector-liquido-2r/7302318",
    "price": 11.9,
    "reference_price": 11.9,
    "iva": 21,
    "reference_unit": "1 U",
    "date": "2023-01-17"
  },
  {
    "id": 23550,
    "name": "Lejía con Detergente Limón CONSUM",
    "description": "Lejía con Detergente Limón 2 L",
    "category": "Lejía con detergente",
    "url": "https://tienda.consum.es/es/p/lejia-con-detergente-limon/7337244",
    "price": 1.15,
    "reference_price": 0.58,
    "iva": 21,
    "reference_unit": "1 L",
    "date": "2023-01-17"
  },
  {
    "id": 23552,
    "name": "Film Transparente CONSUM",
    "description": "Film Transparente 80 M",
    "category": "Bazar",
    "url": "https://tienda.consum.es/es/p/film-transparente/7342418",
    "price": 1.6,
    "reference_price": 0.02,
    "iva": 21,
    "reference_unit": "1 M",
    "date": "2023-01-17"
  },
  {
    "id": 23553,
    "name": "Leche Entera Botella CONSUM",
    "description": "Leche Entera Botella 1,5 L",
    "category": "Entera",
    "url": "https://tienda.consum.es/es/p/leche-entera-botella/7344773",
    "price": 1.38,
    "reference_price": 0.92,
    "iva": 0,
    "reference_unit": "1 L",
    "date": "2023-01-17"
  },
  {
    "id": 23554,
    "name": "Leche Semidesnatada Botella CONSUM",
    "description": "Leche Semidesnatada Botella 1,5 L",
    "category": "Semidesnatada",
    "url": "https://tienda.consum.es/es/p/leche-semidesnatada-botella/7344781",
    "price": 1.38,
    "reference_price": 0.92,
    "iva": 0,
    "reference_unit": "1 L",
    "date": "2023-01-17"
  },
  {
    "id": 23561,
    "name": "Gloss 302 Rouge Signaure L'OREAL",
    "description": "Gloss 302 Rouge Signaure 1 U",
    "category": "Labiales",
    "url": "https://tienda.consum.es/es/p/gloss-302-rouge-signaure/7349749",
    "price": 13.9,
    "reference_price": 13.9,
    "iva": 21,
    "reference_unit": "1 U",
    "date": "2023-01-17"
  },
  {
    "id": 23562,
    "name": "Gloss 305 Rouge Signature L'OREAL",
    "description": "Gloss 305 Rouge Signature 1 U",
    "category": "Labiales",
    "url": "https://tienda.consum.es/es/p/gloss-305-rouge-signature/7349764",
    "price": 13.9,
    "reference_price": 13.9,
    "iva": 21,
    "reference_unit": "1 U",
    "date": "2023-01-17"
  },
  {
    "id": 23568,
    "name": "Vino Blanco Godello D.O.Valdeorras VERDES CASTR",
    "description": "Vino Blanco Godello D.O.Valdeorras 0,75 L",
    "category": "Vinos d.o",
    "url": "https://tienda.consum.es/es/p/vino-blanco-godello-dovaldeorras/7350049",
    "price": 6.99,
    "reference_price": 9.32,
    "iva": 21,
    "reference_unit": "1 L",
    "date": "2023-01-17"
  },
  {
    "id": 23573,
    "name": "Maquillaje Fluido 110 Infalible Mate L'OREAL",
    "description": "Maquillaje Fluido 110 Infalible Mate 1 U",
    "category": "Rostro",
    "url": "https://tienda.consum.es/es/p/maquillaje-fluido-110-infalible-mate/7350259",
    "price": 12.9,
    "reference_price": 12.9,
    "iva": 21,
    "reference_unit": "1 U",
    "date": "2023-01-17"
  },
  {
    "id": 23579,
    "name": "Jelly Kisses Sabor Fresa y Nata FINI",
    "description": "Jelly Kisses Sabor Fresa y Nata 200 Gr",
    "category": "Chicles, caramelos y gominolas",
    "url": "https://tienda.consum.es/es/p/jelly-kisses-sabor-fresa-y-nata/7350556",
    "price": 0.85,
    "reference_price": 4.25,
    "iva": 10,
    "reference_unit": "1 Kg",
    "date": "2023-01-17"
  },
  {
    "id": 23580,
    "name": "Nubes Cubiertas Chocolate FINI",
    "description": "Nubes Cubiertas Chocolate 80 Gr",
    "category": "Chicles, caramelos y gominolas",
    "url": "https://tienda.consum.es/es/p/nubes-cubiertas-chocolate/7350569",
    "price": 0.9,
    "reference_price": 11.25,
    "iva": 10,
    "reference_unit": "1 Kg",
    "date": "2023-01-17"
  },
  {
    "id": 23581,
    "name": "Happy Party FINI",
    "description": "Happy Party 500 Gr",
    "category": "Chicles, caramelos y gominolas",
    "url": "https://tienda.consum.es/es/p/happy-party/7350577",
    "price": 4.75,
    "reference_price": 9.5,
    "iva": 10,
    "reference_unit": "1 Kg",
    "date": "2023-01-17"
  },
  {
    "id": 23583,
    "name": "Crema Manos Intensiva Aceite de Almendras NIVEA",
    "description": "Crema Manos Intensiva Aceite de Almendras 30 ml",
    "category": "Cuidado manos y pies",
    "url": "https://tienda.consum.es/es/p/crema-manos-intensiva-aceite-de-almendras/7350648",
    "price": 0.99,
    "reference_price": 3.3,
    "iva": 21,
    "reference_unit": "100 ml",
    "date": "2023-01-17"
  },
  {
    "id": 23584,
    "name": "Cereales Rellenos Leche sin Gluten CERIDÉS",
    "description": "Cereales Rellenos Leche sin Gluten 500 Gr",
    "category": "Cereales",
    "url": "https://tienda.consum.es/es/p/cereales-rellenos-leche-sin-gluten/7351005",
    "price": 2.59,
    "reference_price": 5.18,
    "iva": 10,
    "reference_unit": "1 Kg",
    "date": "2023-01-17"
  },
  {
    "id": 23585,
    "name": "Cereales Rellenos Choco sin Gluten CERIDÉS",
    "description": "Cereales Rellenos Choco sin Gluten 500 Gr",
    "category": "Cereales",
    "url": "https://tienda.consum.es/es/p/cereales-rellenos-choco-sin-gluten/7351013",
    "price": 2.59,
    "reference_price": 5.18,
    "iva": 10,
    "reference_unit": "1 Kg",
    "date": "2023-01-17"
  },
  {
    "id": 23586,
    "name": "Loco's Cacao 6 Unidades CONSUM",
    "description": "Loco's Cacao 6 Unidades 240 Gr",
    "category": "Bollería industrial",
    "url": "https://tienda.consum.es/es/p/locos-cacao-6-unidades/7351062",
    "price": 1.99,
    "reference_price": 8.29,
    "iva": 10,
    "reference_unit": "1 Kg",
    "date": "2023-01-17"
  },
  {
    "id": 23590,
    "name": "Patatas Fritas Lisas Churrería Bolsa SANTA ANA",
    "description": "Patatas Fritas Lisas Churrería Bolsa 150 Gr",
    "category": "Patatas fritas",
    "url": "https://tienda.consum.es/es/p/patatas-fritas-lisas-churreria-bolsa/7351351",
    "price": 1.59,
    "reference_price": 10.6,
    "iva": 10,
    "reference_unit": "1 Kg",
    "date": "2023-01-17"
  },
  {
    "id": 23591,
    "name": "Patatas Fritas Finas Gourmet Bolsa LAY'S",
    "description": "Patatas Fritas Finas Gourmet Bolsa 150 Gr",
    "category": "Patatas fritas",
    "url": "https://tienda.consum.es/es/p/patatas-fritas-finas-gourmet-bolsa/7351364",
    "price": 2.79,
    "reference_price": 18.6,
    "iva": 10,
    "reference_unit": "1 Kg",
    "date": "2023-01-17"
  },
  {
    "id": 23592,
    "name": "Pipas El Piponazo Origina Maxi Ahorro Bolsa GREFUSA",
    "description": "Pipas El Piponazo Origina Maxi Ahorro Bolsa 240 Gr",
    "category": "Pipas",
    "url": "https://tienda.consum.es/es/p/pipas-el-piponazo-origina-maxi-ahorro-bolsa/7351369",
    "price": 3.15,
    "reference_price": 13.13,
    "iva": 10,
    "reference_unit": "1 Kg",
    "date": "2023-01-17"
  },
  {
    "id": 23593,
    "name": "Loco's White 6 Unidades CONSUM",
    "description": "Loco's White 6 Unidades 270 Gr",
    "category": "Bollería industrial",
    "url": "https://tienda.consum.es/es/p/locos-white-6-unidades/7351138",
    "price": 1.99,
    "reference_price": 7.37,
    "iva": 10,
    "reference_unit": "1 Kg",
    "date": "2023-01-17"
  },
  {
    "id": 23594,
    "name": "Loco's Azúcar 6 Unidades CONSUM",
    "description": "Loco's Azúcar 6 Unidades 252 Gr",
    "category": "Bollería industrial",
    "url": "https://tienda.consum.es/es/p/locos-azucar-6-unidades/7351141",
    "price": 1.99,
    "reference_price": 7.9,
    "iva": 10,
    "reference_unit": "1 Kg",
    "date": "2023-01-17"
  },
  {
    "id": 23595,
    "name": "Corrector Líquido 2N L'OREAL",
    "description": "Corrector Líquido 2N 1 U",
    "category": "Rostro",
    "url": "https://tienda.consum.es/es/p/corrector-liquido-2n/7302284",
    "price": 11.9,
    "reference_price": 11.9,
    "iva": 21,
    "reference_unit": "1 U",
    "date": "2023-01-17"
  },
  {
    "id": 23596,
    "name": "Corrector Líquido 1R L'OREAL",
    "description": "Corrector Líquido 1R 1 U",
    "category": "Rostro",
    "url": "https://tienda.consum.es/es/p/corrector-liquido-1r/7302321",
    "price": 11.9,
    "reference_price": 11.9,
    "iva": 21,
    "reference_unit": "1 U",
    "date": "2023-01-17"
  },
  {
    "id": 23597,
    "name": "Corrrector Líquido 1N L'OREAL",
    "description": "Corrrector Líquido 1N 1 U",
    "category": "Rostro",
    "url": "https://tienda.consum.es/es/p/corrrector-liquido-1n/7302326",
    "price": 11.9,
    "reference_price": 11.9,
    "iva": 21,
    "reference_unit": "1 U",
    "date": "2023-01-17"
  },
  {
    "id": 23599,
    "name": "Barra de Labios 118 Matte Ink Bricks MAYBELLINE",
    "description": "Barra de Labios 118 Matte Ink Bricks 1 U",
    "category": "Labiales",
    "url": "https://tienda.consum.es/es/p/barra-de-labios-118-matte-ink-bricks/7319515",
    "price": 8.5,
    "reference_price": 8.5,
    "iva": 21,
    "reference_unit": "1 U",
    "date": "2023-01-17"
  },
  {
    "id": 23605,
    "name": "Laca de Uñas 620 Gel Envy REVLON",
    "description": "Laca de Uñas 620 Gel Envy 1 U",
    "category": "Uñas",
    "url": "https://tienda.consum.es/es/p/laca-de-unas-620-gel-envy/7327963",
    "price": 7.99,
    "reference_price": 7.99,
    "iva": 21,
    "reference_unit": "1 U",
    "date": "2023-01-17"
  },
  {
    "id": 23610,
    "name": "Refresco Fresa Cero sin Gas 35% Zumo CONSUM",
    "description": "Refresco Fresa Cero sin Gas 35% Zumo 1,5 L",
    "category": "Refrescos sin gas",
    "url": "https://tienda.consum.es/es/p/refresco-fresa-cero-sin-gas-35-zumo/7338507",
    "price": 0.98,
    "reference_price": 0.65,
    "iva": 21,
    "reference_unit": "1 L",
    "date": "2023-01-17"
  },
  {
    "id": 23611,
    "name": "Servilleta Textura Tela Decorada 39x40 CONSUM",
    "description": "Servilleta Textura Tela Decorada 39x40 30 U",
    "category": "Celulosa",
    "url": "https://tienda.consum.es/es/p/servilleta-textura-tela-decorada-39x40/7339463",
    "price": 4.4,
    "reference_price": 0.15,
    "iva": 21,
    "reference_unit": "1 U",
    "date": "2023-01-17"
  },
  {
    "id": 23612,
    "name": "Caramelo Eucalipto CONSUM",
    "description": "Caramelo Eucalipto 150 Gr",
    "category": "Chicles, caramelos y gominolas",
    "url": "https://tienda.consum.es/es/p/caramelo-eucalipto/7339732",
    "price": 0.99,
    "reference_price": 6.6,
    "iva": 10,
    "reference_unit": "1 Kg",
    "date": "2023-01-17"
  },
  {
    "id": 23613,
    "name": "Recambio Ambientador Eléctrico Flores Blancas CONSUM",
    "description": "Recambio Ambientador Eléctrico Flores Blancas 1 U",
    "category": "Eléctricos y automáticos",
    "url": "https://tienda.consum.es/es/p/recambio-ambientador-electrico-flores-blancas/7340719",
    "price": 1.7,
    "reference_price": 1.7,
    "iva": 21,
    "reference_unit": "1 U",
    "date": "2023-01-17"
  },
  {
    "id": 23614,
    "name": "Caramelo Eucalipto sin Azúcar CONSUM",
    "description": "Caramelo Eucalipto sin Azúcar 90 Gr",
    "category": "Chicles, caramelos y gominolas",
    "url": "https://tienda.consum.es/es/p/caramelo-eucalipto-sin-azucar/7342322",
    "price": 0.85,
    "reference_price": 9.44,
    "iva": 10,
    "reference_unit": "1 Kg",
    "date": "2023-01-17"
  },
  {
    "id": 23615,
    "name": "Caramelo Miel-Limón CONSUM",
    "description": "Caramelo Miel-Limón 150 Gr",
    "category": "Chicles, caramelos y gominolas",
    "url": "https://tienda.consum.es/es/p/caramelo-miel-limon/7342327",
    "price": 0.99,
    "reference_price": 6.6,
    "iva": 10,
    "reference_unit": "1 Kg",
    "date": "2023-01-17"
  },
  {
    "id": 23616,
    "name": "Recambio Ambientador Eléctrico Aire Fresco CONSUM",
    "description": "Recambio Ambientador Eléctrico Aire Fresco 1 U",
    "category": "Eléctricos y automáticos",
    "url": "https://tienda.consum.es/es/p/recambio-ambientador-electrico-aire-fresco/7344430",
    "price": 1.7,
    "reference_price": 1.7,
    "iva": 21,
    "reference_unit": "1 U",
    "date": "2023-01-17"
  },
  {
    "id": 23617,
    "name": "Difusor Eléctrico Ambientador CONSUM",
    "description": "Difusor Eléctrico Ambientador 1 U",
    "category": "Eléctricos y automáticos",
    "url": "https://tienda.consum.es/es/p/difusor-electrico-ambientador/7344450",
    "price": 1.4,
    "reference_price": 1.4,
    "iva": 21,
    "reference_unit": "1 U",
    "date": "2023-01-17"
  },
  {
    "id": 23620,
    "name": "Leche Desnatada Botella CONSUM",
    "description": "Leche Desnatada Botella 1,5 L",
    "category": "Desnatada",
    "url": "https://tienda.consum.es/es/p/leche-desnatada-botella/7344778",
    "price": 1.37,
    "reference_price": 0.91,
    "iva": 0,
    "reference_unit": "1 L",
    "date": "2023-01-17"
  },
  {
    "id": 23621,
    "name": "Toallitas Multiusos Hygiene ENYA",
    "description": "Toallitas Multiusos Hygiene 35 U",
    "category": "Limpieza hogar",
    "url": "https://tienda.consum.es/es/p/toallitas-multiusos-hygiene/7347599",
    "price": 1.09,
    "reference_price": 0.03,
    "iva": 21,
    "reference_unit": "1 U",
    "date": "2023-01-17"
  },
  {
    "id": 23623,
    "name": "Pasta Dental Bío DEENTHAL PRO",
    "description": "Pasta Dental Bío 75 ml",
    "category": "Otros",
    "url": "https://tienda.consum.es/es/p/pasta-dental-bio/7348600",
    "price": 3.29,
    "reference_price": 4.39,
    "iva": 21,
    "reference_unit": "100 ml",
    "date": "2023-01-17"
  },
  {
    "id": 23626,
    "name": "Pastillas Efervescentes Magnesio VITA FIZZ",
    "description": "Pastillas Efervescentes Magnesio 320 ml",
    "category": "Fitoterapia",
    "url": "https://tienda.consum.es/es/p/pastillas-efervescentes-magnesio/7348931",
    "price": 1.95,
    "reference_price": 0.61,
    "iva": 10,
    "reference_unit": "100 ml",
    "date": "2023-01-17"
  },
  {
    "id": 23628,
    "name": "Gloss 311 Rouge Signature L'OREAL",
    "description": "Gloss 311 Rouge Signature 1 U",
    "category": "Labiales",
    "url": "https://tienda.consum.es/es/p/gloss-311-rouge-signature/7349736",
    "price": 13.9,
    "reference_price": 13.9,
    "iva": 21,
    "reference_unit": "1 U",
    "date": "2023-01-17"
  },
  {
    "id": 23629,
    "name": "Gloss 304 Rouge Signature L'OREAL",
    "description": "Gloss 304 Rouge Signature 1 U",
    "category": "Labiales",
    "url": "https://tienda.consum.es/es/p/gloss-304-rouge-signature/7349751",
    "price": 13.9,
    "reference_price": 13.9,
    "iva": 21,
    "reference_unit": "1 U",
    "date": "2023-01-17"
  },
  {
    "id": 23630,
    "name": "Gloss 308 Rouge Signature L'OREAL",
    "description": "Gloss 308 Rouge Signature 1 U",
    "category": "Labiales",
    "url": "https://tienda.consum.es/es/p/gloss-308-rouge-signature/7349769",
    "price": 13.9,
    "reference_price": 13.9,
    "iva": 21,
    "reference_unit": "1 U",
    "date": "2023-01-17"
  },
  {
    "id": 23637,
    "name": "Maquillaje Fluido 135 Infalible Mate L'OREAL",
    "description": "Maquillaje Fluido 135 Infalible Mate 1 U",
    "category": "Rostro",
    "url": "https://tienda.consum.es/es/p/maquillaje-fluido-135-infalible-mate/7350168",
    "price": 12.9,
    "reference_price": 12.9,
    "iva": 21,
    "reference_unit": "1 U",
    "date": "2023-01-17"
  },
  {
    "id": 23639,
    "name": "Maquillaje Fluido 330 Infalible Mate L'OREAL",
    "description": "Maquillaje Fluido 330 Infalible Mate 1 U",
    "category": "Rostro",
    "url": "https://tienda.consum.es/es/p/maquillaje-fluido-330-infalible-mate/7350189",
    "price": 12.9,
    "reference_price": 12.9,
    "iva": 21,
    "reference_unit": "1 U",
    "date": "2023-01-17"
  },
  {
    "id": 23640,
    "name": "Perfilador Cejas 000 Artist Plump L'OREAL",
    "description": "Perfilador Cejas 000 Artist Plump 1 U",
    "category": "Ojos",
    "url": "https://tienda.consum.es/es/p/perfilador-cejas-000-artist-plump/7350270",
    "price": 7.99,
    "reference_price": 7.99,
    "iva": 21,
    "reference_unit": "1 U",
    "date": "2023-01-17"
  },
  {
    "id": 23642,
    "name": "Crema Manos Q10 Antiedad 3 en 1 NIVEA",
    "description": "Crema Manos Q10 Antiedad 3 en 1 100 ml",
    "category": "Cuidado manos y pies",
    "url": "https://tienda.consum.es/es/p/crema-manos-q10-antiedad-3-en-1/7350643",
    "price": 3.99,
    "reference_price": 3.99,
    "iva": 21,
    "reference_unit": "100 ml",
    "date": "2023-01-17"
  },
  {
    "id": 23643,
    "name": "Combinado Gintonic Ginebra&Tónica TANQUERAY",
    "description": "Combinado Gintonic Ginebra&Tónica 0,27 L",
    "category": "Licores y vermouth",
    "url": "https://tienda.consum.es/es/p/combinado-gintonic-ginebratonica/7350663",
    "price": 2.99,
    "reference_price": 11.07,
    "iva": 21,
    "reference_unit": "1 L",
    "date": "2023-01-17"
  },
  {
    "id": 23650,
    "name": "Laca de Uñas 528 Gel Envy REVLON",
    "description": "Laca de Uñas 528 Gel Envy 1 U",
    "category": "Uñas",
    "url": "https://tienda.consum.es/es/p/laca-de-unas-528-gel-envy/7350783",
    "price": 7.99,
    "reference_price": 7.99,
    "iva": 21,
    "reference_unit": "1 U",
    "date": "2023-01-17"
  },
  {
    "id": 23654,
    "name": "Tapa Chorizo Sarta Picante JUAN LUNA",
    "description": "Tapa Chorizo Sarta Picante 90 Gr",
    "category": "Chorizo",
    "url": "https://tienda.consum.es/es/p/tapa-chorizo-sarta-picante/7350812",
    "price": 1.79,
    "reference_price": 19.89,
    "iva": 10,
    "reference_unit": "1 Kg",
    "date": "2023-01-17"
  },
  {
    "id": 23658,
    "name": "Desodorante Roll On Natur Protect SANEX",
    "description": "Desodorante Roll On Natur Protect 50 ml",
    "category": "Spray",
    "url": "https://tienda.consum.es/es/p/desodorante-roll-on-natur-protect/7350986",
    "price": 2.25,
    "reference_price": 4.5,
    "iva": 21,
    "reference_unit": "100 ml",
    "date": "2023-01-17"
  },
  {
    "id": 23659,
    "name": "Desodorante Spray Natur Protect SANEX",
    "description": "Desodorante Spray Natur Protect 200 ml",
    "category": "Spray",
    "url": "https://tienda.consum.es/es/p/desodorante-spray-natur-protect/7350994",
    "price": 3.39,
    "reference_price": 1.7,
    "iva": 21,
    "reference_unit": "100 ml",
    "date": "2023-01-17"
  },
  {
    "id": 23660,
    "name": "Desodorante Spray Natur Protect Invisible SANEX",
    "description": "Desodorante Spray Natur Protect Invisible 200 ml",
    "category": "Spray",
    "url": "https://tienda.consum.es/es/p/desodorante-spray-natur-protect-invisible/7350999",
    "price": 3.39,
    "reference_price": 1.7,
    "iva": 21,
    "reference_unit": "100 ml",
    "date": "2023-01-17"
  },
  {
    "id": 23663,
    "name": "Hermético 100% 0,8 Litros TRITAN",
    "description": "Hermético 100% 0,8 Litros 1 U",
    "category": "Conservación alimentos",
    "url": "https://tienda.consum.es/es/p/hermetico-100-08-litros/7351091",
    "price": 3.39,
    "reference_price": 3.39,
    "iva": 21,
    "reference_unit": "1 U",
    "date": "2023-01-17"
  },
  {
    "id": 23664,
    "name": "Hermético 100% 1,2 litros TRITAN",
    "description": "Hermético 100% 1,2 litros 1 U",
    "category": "Conservación alimentos",
    "url": "https://tienda.consum.es/es/p/hermetico-100-12-litros/7351096",
    "price": 3.99,
    "reference_price": 3.99,
    "iva": 21,
    "reference_unit": "1 U",
    "date": "2023-01-17"
  },
  {
    "id": 23665,
    "name": "Nata para Montar ASTURIANA",
    "description": "Nata para Montar 500 ml - Refrigerada",
    "category": "Nata para montar",
    "url": "https://tienda.consum.es/es/p/nata-para-montar/7351117",
    "price": 2.75,
    "reference_price": 5.5,
    "iva": 10,
    "reference_unit": "1 L",
    "date": "2023-01-17"
  },
  {
    "id": 23668,
    "name": "Chopped Pork Mini ELPOZO",
    "description": "Chopped Pork Mini 300 Gr",
    "category": "Fiambres ave",
    "url": "https://tienda.consum.es/es/p/chopped-pork-mini/7351377",
    "price": 1.65,
    "reference_price": 5.5,
    "iva": 10,
    "reference_unit": "1 Kg",
    "date": "2023-01-17"
  },
  {
    "id": 23674,
    "name": "Eyeliner Hyper Easy MAYBELLINE",
    "description": "Eyeliner Hyper Easy 1 U",
    "category": "Ojos",
    "url": "https://tienda.consum.es/es/p/eyeliner-hyper-easy/7351690",
    "price": 6.79,
    "reference_price": 6.79,
    "iva": 21,
    "reference_unit": "1 U",
    "date": "2023-01-17"
  },
  {
    "id": 23675,
    "name": "Refresco Mandarina Lima, Naranja y Pomelo SCHWEPPES",
    "description": "Refresco Mandarina Lima, Naranja y Pomelo 0,33 L",
    "category": "Refrescos",
    "url": "https://tienda.consum.es/es/p/refresco-mandarina-lima-naranja-y-pomelo/7351765",
    "price": 0.89,
    "reference_price": 2.7,
    "iva": 21,
    "reference_unit": "1 L",
    "date": "2023-01-17"
  },
  {
    "id": 23677,
    "name": "Cerveza IPA Yakima V. Lata SAN MIGUEL",
    "description": "Cerveza IPA Yakima V. Lata 0,33 L",
    "category": "Especialidades",
    "url": "https://tienda.consum.es/es/p/cerveza-ipa-yakima-v-lata/7351823",
    "price": 1.25,
    "reference_price": 3.79,
    "iva": 21,
    "reference_unit": "1 L",
    "date": "2023-01-17"
  },
  {
    "id": 23683,
    "name": "Alubias IGP de la Bañeza León CONSUM",
    "description": "Alubias IGP de la Bañeza León 500 Gr",
    "category": "Legumbres secas",
    "url": "https://tienda.consum.es/es/p/alubias-igp-de-la-baneza-leon/7316789",
    "price": 2.36,
    "reference_price": 4.72,
    "iva": 0,
    "reference_unit": "1 Kg",
    "date": "2023-01-17"
  },
  {
    "id": 23684,
    "name": "Lentejas IGP de Tierra de Campos CONSUM",
    "description": "Lentejas IGP de Tierra de Campos 500 Gr",
    "category": "Legumbres secas",
    "url": "https://tienda.consum.es/es/p/lentejas-igp-de-tierra-de-campos/7316792",
    "price": 2.3,
    "reference_price": 4.6,
    "iva": 0,
    "reference_unit": "1 Kg",
    "date": "2023-01-17"
  },
  {
    "id": 23685,
    "name": "Garbanzos IGP de Fuentesaúco CONSUM",
    "description": "Garbanzos IGP de Fuentesaúco 500 Gr",
    "category": "Legumbres secas",
    "url": "https://tienda.consum.es/es/p/garbanzos-igp-de-fuentesauco/7316797",
    "price": 2.59,
    "reference_price": 5.18,
    "iva": 0,
    "reference_unit": "1 Kg",
    "date": "2023-01-17"
  },
  {
    "id": 23688,
    "name": "Recambio Ambientador Eléctrico Vainilla CONSUM",
    "description": "Recambio Ambientador Eléctrico Vainilla 1 U",
    "category": "Eléctricos y automáticos",
    "url": "https://tienda.consum.es/es/p/recambio-ambientador-electrico-vainilla/7331320",
    "price": 1.7,
    "reference_price": 1.7,
    "iva": 21,
    "reference_unit": "1 U",
    "date": "2023-01-17"
  },
  {
    "id": 23689,
    "name": "Estropajo Salvauñas Superficies Delicadas CONSUM",
    "description": "Estropajo Salvauñas Superficies Delicadas 3 U",
    "category": "Estropajos",
    "url": "https://tienda.consum.es/es/p/estropajo-salvaunas-superficies-delicadas/7332703",
    "price": 0.85,
    "reference_price": 0.28,
    "iva": 21,
    "reference_unit": "1 U",
    "date": "2023-01-17"
  },
  {
    "id": 23690,
    "name": "Caramelo Mix Frutas sin Azúcar CONSUM",
    "description": "Caramelo Mix Frutas sin Azúcar 90 Gr",
    "category": "Chicles, caramelos y gominolas",
    "url": "https://tienda.consum.es/es/p/caramelo-mix-frutas-sin-azucar/7339737",
    "price": 0.89,
    "reference_price": 9.89,
    "iva": 10,
    "reference_unit": "1 Kg",
    "date": "2023-01-17"
  },
  {
    "id": 23691,
    "name": "Caramelo Naranja - Limón CONSUM",
    "description": "Caramelo Naranja - Limón 150 Gr",
    "category": "Chicles, caramelos y gominolas",
    "url": "https://tienda.consum.es/es/p/caramelo-naranja---limon/7342306",
    "price": 0.95,
    "reference_price": 6.33,
    "iva": 10,
    "reference_unit": "1 Kg",
    "date": "2023-01-17"
  },
  {
    "id": 23692,
    "name": "Film Resistente CONSUM",
    "description": "Film Resistente 30 M",
    "category": "Film transparente",
    "url": "https://tienda.consum.es/es/p/film-resistente/7342426",
    "price": 1.2,
    "reference_price": 0.04,
    "iva": 21,
    "reference_unit": "1 M",
    "date": "2023-01-17"
  },
  {
    "id": 23696,
    "name": "Bombón de Galletas Caramelizadas 3x90 Ml. LOTUS",
    "description": "Bombón de Galletas Caramelizadas 3x90 Ml. 250 Gr",
    "category": "Bombones",
    "url": "https://tienda.consum.es/es/p/bombon-de-galletas-caramelizadas-3x90-ml/7349400",
    "price": 3.99,
    "reference_price": 15.96,
    "iva": 10,
    "reference_unit": "1 Kg",
    "date": "2023-01-17"
  },
  {
    "id": 23699,
    "name": "Sándwich Stick Oreo y Chocolate Milka OREO",
    "description": "Sándwich Stick Oreo y Chocolate Milka 204 Gr",
    "category": "Sándwich",
    "url": "https://tienda.consum.es/es/p/sandwich-stick-oreo-y-chocolate-milka/7349744",
    "price": 4.39,
    "reference_price": 21.52,
    "iva": 10,
    "reference_unit": "1 Kg",
    "date": "2023-01-17"
  },
  {
    "id": 23700,
    "name": "Bombón Coco y Mango de la India Pack de 3 Un. NUII",
    "description": "Bombón Coco y Mango de la India Pack de 3 Un. 213 Gr",
    "category": "Bombones",
    "url": "https://tienda.consum.es/es/p/bombon-coco-y-mango-de-la-india-pack-de-3-un/7349868",
    "price": 3.95,
    "reference_price": 18.54,
    "iva": 10,
    "reference_unit": "1 Kg",
    "date": "2023-01-17"
  },
  {
    "id": 23701,
    "name": "Dentífrico 3D White Luxe Perfección ORAL B",
    "description": "Dentífrico 3D White Luxe Perfección 75 ml",
    "category": "Dentífricos",
    "url": "https://tienda.consum.es/es/p/dentifrico-3d-white-luxe-perfeccion/7349884",
    "price": 3.99,
    "reference_price": 5.32,
    "iva": 21,
    "reference_unit": "100 ml",
    "date": "2023-01-17"
  },
  {
    "id": 23703,
    "name": "Perfilador Cejas 105 Artist Plump L'OREAL",
    "description": "Perfilador Cejas 105 Artist Plump 1 U",
    "category": "Ojos",
    "url": "https://tienda.consum.es/es/p/perfilador-cejas-105-artist-plump/7350267",
    "price": 7.99,
    "reference_price": 7.99,
    "iva": 21,
    "reference_unit": "1 U",
    "date": "2023-01-17"
  },
  {
    "id": 23706,
    "name": "Espresso India Karnataka Cápsulas L'OR",
    "description": "Espresso India Karnataka Cápsulas 10 U",
    "category": "Café en cápsulas",
    "url": "https://tienda.consum.es/es/p/espresso-india-karnataka-capsulas/7350861",
    "price": 3.95,
    "reference_price": 0.4,
    "iva": 10,
    "reference_unit": "1 U",
    "date": "2023-01-17"
  },
  {
    "id": 23707,
    "name": "Dentífrico Triple Acción COLGATE",
    "description": "Dentífrico Triple Acción 100 ml",
    "category": "Dentífricos",
    "url": "https://tienda.consum.es/es/p/dentifrico-triple-accion/7350960",
    "price": 1.85,
    "reference_price": 1.85,
    "iva": 21,
    "reference_unit": "100 ml",
    "date": "2023-01-17"
  },
  {
    "id": 23708,
    "name": "Dentífrico Herbal COLGATE",
    "description": "Dentífrico Herbal 100 ml",
    "category": "Dentífricos",
    "url": "https://tienda.consum.es/es/p/dentifrico-herbal/7350973",
    "price": 1.99,
    "reference_price": 1.99,
    "iva": 21,
    "reference_unit": "100 ml",
    "date": "2023-01-17"
  },
  {
    "id": 23709,
    "name": "Lomos de Bacalao congelados PESCANOVA",
    "description": "Lomos de Bacalao congelados 300 Gr",
    "category": "Pescados y mariscos",
    "url": "https://tienda.consum.es/es/p/lomos-de-bacalao-congelados/7351026",
    "price": 6.99,
    "reference_price": 23.3,
    "iva": 10,
    "reference_unit": "1 Kg",
    "date": "2023-01-17"
  },
  {
    "id": 23710,
    "name": "Aderezo para Cocktail Citric COCKTELEA",
    "description": "Aderezo para Cocktail Citric 16 Gr",
    "category": "Sal y especias",
    "url": "https://tienda.consum.es/es/p/aderezo-para-cocktail-citric/7351039",
    "price": 3.75,
    "reference_price": 23.44,
    "iva": 10,
    "reference_unit": "100 Gr",
    "date": "2023-01-17"
  },
  {
    "id": 23711,
    "name": "Pan de Sésamo Wasa WASA",
    "description": "Pan de Sésamo Wasa 200 Gr",
    "category": "Tostadas y minibiscotes",
    "url": "https://tienda.consum.es/es/p/pan-de-sesamo-wasa/7351112",
    "price": 2.59,
    "reference_price": 12.95,
    "iva": 10,
    "reference_unit": "1 Kg",
    "date": "2023-01-17"
  },
  {
    "id": 23716,
    "name": "Caña Lomo 100% Natural 50% Duroc LA HOGUERA",
    "description": "Caña Lomo 100% Natural 50% Duroc",
    "category": "Otros curados",
    "url": "https://tienda.consum.es/es/p/cana-lomo-100-natural-50-duroc/7351356",
    "price": 18.5,
    "reference_price": 18.5,
    "iva": 10,
    "reference_unit": "1 Kg",
    "date": "2023-01-17"
  },
  {
    "id": 23717,
    "name": "Queso sin Lactosa Porciones VACA QUE RIE",
    "description": "Queso sin Lactosa Porciones 120 Gr",
    "category": "Quesos Fundidos",
    "url": "https://tienda.consum.es/es/p/queso-sin-lactosa-porciones/7351380",
    "price": 1.91,
    "reference_price": 15.92,
    "iva": 0,
    "reference_unit": "1 Kg",
    "date": "2023-01-17"
  },
  {
    "id": 23722,
    "name": "Cajón Gin Fresa GIN ROSEE",
    "description": "Cajón Gin Fresa 0,4 L",
    "category": "Licores y vermouth",
    "url": "https://tienda.consum.es/es/p/cajon-gin-fresa/7351609",
    "price": 9.29,
    "reference_price": 23.23,
    "iva": 21,
    "reference_unit": "1 L",
    "date": "2023-01-17"
  },
  {
    "id": 23724,
    "name": "Desodorante loving Floral Woman Spray NIKE",
    "description": "Desodorante loving Floral Woman Spray 200 ml",
    "category": "Spray",
    "url": "https://tienda.consum.es/es/p/desodorante-loving-floral-woman-spray/7351732",
    "price": 2.2,
    "reference_price": 1.1,
    "iva": 21,
    "reference_unit": "100 ml",
    "date": "2023-01-17"
  },
  {
    "id": 23725,
    "name": "Desodorante Wood Man Spray NIKE",
    "description": "Desodorante Wood Man Spray 200 ml",
    "category": "Spray",
    "url": "https://tienda.consum.es/es/p/desodorante-wood-man-spray/7351737",
    "price": 2.2,
    "reference_price": 1.1,
    "iva": 21,
    "reference_unit": "100 ml",
    "date": "2023-01-17"
  },
  {
    "id": 23726,
    "name": "Vino Tinto Bobal D.O.Utiel Requena CEPAS VIEJAS",
    "description": "Vino Tinto Bobal D.O.Utiel Requena 0,75 L",
    "category": "Vinos d.o",
    "url": "https://tienda.consum.es/es/p/vino-tinto-bobal-doutiel-requena/7351773",
    "price": 7.79,
    "reference_price": 10.39,
    "iva": 21,
    "reference_unit": "1 L",
    "date": "2023-01-17"
  },
  {
    "id": 23731,
    "name": "Gelatina Fresa ROYAL",
    "description": "Gelatina Fresa 114 Gr",
    "category": "Repostería para preparar",
    "url": "https://tienda.consum.es/es/p/gelatina-fresa/7351880",
    "price": 2.75,
    "reference_price": 24.12,
    "iva": 10,
    "reference_unit": "1 Kg",
    "date": "2023-01-17"
  },
  {
    "id": 23732,
    "name": "Vino Blanco Verdejo D.O.Rueda OINOZ",
    "description": "Vino Blanco Verdejo D.O.Rueda 0,75 L",
    "category": "Vinos d.o",
    "url": "https://tienda.consum.es/es/p/vino-blanco-verdejo-dorueda/7351893",
    "price": 6.29,
    "reference_price": 8.39,
    "iva": 21,
    "reference_unit": "1 L",
    "date": "2023-01-17"
  },
  {
    "id": 23734,
    "name": "Vino Tinto Crianza D.O.Valencia MALA VIDA",
    "description": "Vino Tinto Crianza D.O.Valencia 0,75 L",
    "category": "Vinos d.o",
    "url": "https://tienda.consum.es/es/p/vino-tinto-crianza-dovalencia/7351901",
    "price": 6.89,
    "reference_price": 9.19,
    "iva": 21,
    "reference_unit": "1 L",
    "date": "2023-01-17"
  },
  {
    "id": 23735,
    "name": "Vino Blanco D.O.Valencia MALA VIDA",
    "description": "Vino Blanco D.O.Valencia 0,75 L",
    "category": "Vinos d.o",
    "url": "https://tienda.consum.es/es/p/vino-blanco-dovalencia/7351906",
    "price": 6.89,
    "reference_price": 9.19,
    "iva": 21,
    "reference_unit": "1 L",
    "date": "2023-01-17"
  },
  {
    "id": 23738,
    "name": "Salpicón de Marisco ANGOMAR",
    "description": "Salpicón de Marisco 180 Gr",
    "category": "Surimis y salazones",
    "url": "https://tienda.consum.es/es/p/salpicon-de-marisco/7351992",
    "price": 3.49,
    "reference_price": 19.39,
    "iva": 10,
    "reference_unit": "1 Kg",
    "date": "2023-01-17"
  },
  {
    "id": 23745,
    "name": "Briox Trenzado MUSFI'S",
    "description": "Briox Trenzado 400 Gr",
    "category": "Bollería industrial",
    "url": "https://tienda.consum.es/es/p/briox-trenzado/7352248",
    "price": 3.49,
    "reference_price": 8.73,
    "iva": 10,
    "reference_unit": "1 Kg",
    "date": "2023-01-17"
  },
  {
    "id": 23748,
    "name": "Bollycao Cacao BIMBO",
    "description": "Bollycao Cacao 180 Gr",
    "category": "Desayuno, dulces y café",
    "url": "https://tienda.consum.es/es/p/bollycao-cacao/7352537",
    "price": 2.39,
    "reference_price": 13.28,
    "iva": 10,
    "reference_unit": "1 Kg",
    "date": "2023-01-17"
  },
  {
    "id": 23751,
    "name": "Jamón Cocido Extra CAMPOFRÍO",
    "description": "Jamón Cocido Extra",
    "category": "Jamón cocido - york",
    "url": "https://tienda.consum.es/es/p/jamon-cocido-extra/206003",
    "price": 13.85,
    "reference_price": 13.85,
    "iva": 10,
    "reference_unit": "1 Kg",
    "date": "2023-01-17"
  },
  {
    "id": 23752,
    "name": "Jamón Asado Leña Ahumado Madera Haya TELLO",
    "description": "Jamón Asado Leña Ahumado Madera Haya",
    "category": "Jamón cocido - york",
    "url": "https://tienda.consum.es/es/p/jamon-asado-lena-ahumado-madera-haya/7078061",
    "price": 14.9,
    "reference_price": 14.9,
    "iva": 10,
    "reference_unit": "1 Kg",
    "date": "2023-01-17"
  },
  {
    "id": 23753,
    "name": "Jamón de Pavo con Trufa y Boletus LEGADO POZO",
    "description": "Jamón de Pavo con Trufa y Boletus",
    "category": "Fiambres ave",
    "url": "https://tienda.consum.es/es/p/jamon-de-pavo-con-trufa-y-boletus/7293699",
    "price": 13.9,
    "reference_price": 13.9,
    "iva": 10,
    "reference_unit": "1 Kg",
    "date": "2023-01-17"
  },
  {
    "id": 23754,
    "name": "Refresco Tropical sin Gas CONSUM",
    "description": "Refresco Tropical sin Gas 1,5 L",
    "category": "Refrescos sin gas",
    "url": "https://tienda.consum.es/es/p/refresco-tropical-sin-gas/7338502",
    "price": 0.98,
    "reference_price": 0.65,
    "iva": 21,
    "reference_unit": "1 L",
    "date": "2023-01-17"
  },
  {
    "id": 23755,
    "name": "Yogur 00% Natural Pack de 4 Unidades CONSUM",
    "description": "Yogur 00% Natural Pack de 4 Unidades 4 x 125 Gr",
    "category": "Yogur natural desnatado",
    "url": "https://tienda.consum.es/es/p/yogur-00-natural-pack-de-4-unidades/7340870",
    "price": 0.79,
    "reference_price": 1.58,
    "iva": 10,
    "reference_unit": "1 Kg",
    "date": "2023-01-17"
  },
  {
    "id": 23758,
    "name": "Dentífrico Repair Encías&Esmalte ORAL B",
    "description": "Dentífrico Repair Encías&Esmalte 75 ml",
    "category": "Higiene bucal",
    "url": "https://tienda.consum.es/es/p/dentifrico-repair-enciasesmalte/7349876",
    "price": 3.99,
    "reference_price": 5.32,
    "iva": 21,
    "reference_unit": "100 ml",
    "date": "2023-01-17"
  },
  {
    "id": 23759,
    "name": "Champú Perro Yorkshire MI MASCOTA",
    "description": "Champú Perro Yorkshire 300 ml",
    "category": "Cuidado e higiene",
    "url": "https://tienda.consum.es/es/p/champu-perro-yorkshire/7350580",
    "price": 3.19,
    "reference_price": 10.63,
    "iva": 21,
    "reference_unit": "1 L",
    "date": "2023-01-17"
  },
  {
    "id": 23762,
    "name": "Muesli Crujiente sin Azúcar CERIDÉS",
    "description": "Muesli Crujiente sin Azúcar 500 Gr",
    "category": "Muesli",
    "url": "https://tienda.consum.es/es/p/muesli-crujiente-sin-azucar/7351000",
    "price": 2.19,
    "reference_price": 4.38,
    "iva": 10,
    "reference_unit": "1 Kg",
    "date": "2023-01-17"
  },
  {
    "id": 23763,
    "name": "Taco Lomo 100% Natural 50% Duroc LA HOGUERA",
    "description": "Taco Lomo 100% Natural 50% Duroc",
    "category": "Otros curados",
    "url": "https://tienda.consum.es/es/p/taco-lomo-100-natural-50-duroc/7351393",
    "price": 7.78,
    "reference_price": 18.9,
    "iva": 10,
    "reference_unit": "1 Kg",
    "date": "2023-01-17"
  },
  {
    "id": 23765,
    "name": "Fideos Arco Iris Frasco VAHINÉ",
    "description": "Fideos Arco Iris Frasco 71 Gr",
    "category": "Repostería para preparar",
    "url": "https://tienda.consum.es/es/p/fideos-arco-iris-frasco/7351489",
    "price": 2.05,
    "reference_price": 28.87,
    "iva": 10,
    "reference_unit": "1 Kg",
    "date": "2023-01-17"
  },
  {
    "id": 23766,
    "name": "Champú en Seco Cherry BATISTE",
    "description": "Champú en Seco Cherry 200 ml",
    "category": "Champú",
    "url": "https://tienda.consum.es/es/p/champu-en-seco-cherry/7351757",
    "price": 2.99,
    "reference_price": 1.5,
    "iva": 21,
    "reference_unit": "100 ml",
    "date": "2023-01-17"
  },
  {
    "id": 23767,
    "name": "Champú en Seco Original BATISTE",
    "description": "Champú en Seco Original 200 ml",
    "category": "Champú",
    "url": "https://tienda.consum.es/es/p/champu-en-seco-original/7351760",
    "price": 2.99,
    "reference_price": 1.5,
    "iva": 21,
    "reference_unit": "100 ml",
    "date": "2023-01-17"
  },
  {
    "id": 23771,
    "name": "Gelatina Hojas Bío VAHINÉ",
    "description": "Gelatina Hojas Bío 10 Gr",
    "category": "Repostería para preparar",
    "url": "https://tienda.consum.es/es/p/gelatina-hojas-bio/7352081",
    "price": 2.55,
    "reference_price": 25.5,
    "iva": 10,
    "reference_unit": "100 Gr",
    "date": "2023-01-17"
  },
  {
    "id": 23787,
    "name": "Whisky Nacional DYC",
    "description": "Whisky Nacional 1 L",
    "category": "Licores y vermouth",
    "url": "https://tienda.consum.es/es/p/whisky-nacional/7352891",
    "price": 12.9,
    "reference_price": 12.9,
    "iva": 21,
    "reference_unit": "1 L",
    "date": "2023-01-17"
  },
  {
    "id": 23789,
    "name": "Baguetina 5 Unidades ",
    "description": "Baguetina 5 Unidades 550 Gr",
    "category": "Pan de horno",
    "url": "https://tienda.consum.es/es/p/baguetina-5-unidades/7352961",
    "price": 1.43,
    "reference_price": 2.6,
    "iva": 0,
    "reference_unit": "1 Kg",
    "date": "2023-01-17"
  },
  {
    "id": 23793,
    "name": "Yogur 00% Natural Edulcorado 4 Unidades CONSUM",
    "description": "Yogur 00% Natural Edulcorado 4 Unidades 4 x 125 Gr",
    "category": "Yogur natural desnatado",
    "url": "https://tienda.consum.es/es/p/yogur-00-natural-edulcorado-4-unidades/7340867",
    "price": 0.79,
    "reference_price": 1.58,
    "iva": 10,
    "reference_unit": "1 Kg",
    "date": "2023-01-17"
  },
  {
    "id": 23802,
    "name": "Toallitas Humedas Bebe Ecológicas SALUSTAR",
    "description": "Toallitas Humedas Bebe Ecológicas 60 U",
    "category": "Toallitas",
    "url": "https://tienda.consum.es/es/p/toallitas-humedas-bebe-ecologicas/7352040",
    "price": 2.39,
    "reference_price": 0.04,
    "iva": 21,
    "reference_unit": "1 U",
    "date": "2023-01-17"
  },
  {
    "id": 23808,
    "name": "Alubias Blancas Frasco GUTARRA",
    "description": "Alubias Blancas Frasco 400 Gr",
    "category": "Alubias",
    "url": "https://tienda.consum.es/es/p/alubias-blancas-frasco/7352230",
    "price": 1.55,
    "reference_price": 3.88,
    "iva": 10,
    "reference_unit": "1 Kg",
    "date": "2023-01-17"
  },
  {
    "id": 23810,
    "name": "Casarecce Paquete GAROFALO",
    "description": "Casarecce Paquete 500 Gr",
    "category": "Macarrones, espaguetis y tallarines",
    "url": "https://tienda.consum.es/es/p/casarecce-paquete/7352631",
    "price": 1.9,
    "reference_price": 3.8,
    "iva": 5,
    "reference_unit": "1 Kg",
    "date": "2023-01-17"
  },
  {
    "id": 23811,
    "name": "Bavette N.13 Caja BARILLA",
    "description": "Bavette N.13 Caja 500 Gr",
    "category": "Otras pastas secas",
    "url": "https://tienda.consum.es/es/p/bavette-n13-caja/7352649",
    "price": 1.95,
    "reference_price": 3.9,
    "iva": 10,
    "reference_unit": "1 Kg",
    "date": "2023-01-17"
  },
  {
    "id": 23812,
    "name": "Bombón Magnum Frac 3 Unidades FRIGO",
    "description": "Bombón Magnum Frac 3 Unidades 207 Gr",
    "category": "Bombones",
    "url": "https://tienda.consum.es/es/p/bombon-magnum-frac-3-unidades/7353022",
    "price": 3.99,
    "reference_price": 19.28,
    "iva": 10,
    "reference_unit": "1 Kg",
    "date": "2023-01-17"
  },
  {
    "id": 23818,
    "name": "Infusión Fruit All sin Teina 20 Bolsitas POMPADOUR",
    "description": "Infusión Fruit All sin Teina 20 Bolsitas 20 U",
    "category": "Otras infusiones",
    "url": "https://tienda.consum.es/es/p/infusion-fruit-all-sin-teina-20-bolsitas/7353188",
    "price": 2.5,
    "reference_price": 0.13,
    "iva": 10,
    "reference_unit": "1 U",
    "date": "2023-01-17"
  },
  {
    "id": 23820,
    "name": "Leche Semidesnatada Botella ASTURIANA",
    "description": "Leche Semidesnatada Botella 2,2 L",
    "category": "Semidesnatada",
    "url": "https://tienda.consum.es/es/p/leche-semidesnatada-botella/7353290",
    "price": 2.45,
    "reference_price": 1.11,
    "iva": 0,
    "reference_unit": "1 L",
    "date": "2023-01-17"
  },
  {
    "id": 23824,
    "name": "Yogur Natural Pack de 4 Unidades CONSUM",
    "description": "Yogur Natural Pack de 4 Unidades 4 x 125 Gr",
    "category": "Yogur natural y azucarado",
    "url": "https://tienda.consum.es/es/p/yogur-natural-pack-de-4-unidades/7340888",
    "price": 0.79,
    "reference_price": 1.58,
    "iva": 10,
    "reference_unit": "1 Kg",
    "date": "2023-01-17"
  },
  {
    "id": 23825,
    "name": "Yogur Natural Azucarado Pack 4 Unidades CONSUM",
    "description": "Yogur Natural Azucarado Pack 4 Unidades 4 x 125 Gr",
    "category": "Yogur natural y azucarado",
    "url": "https://tienda.consum.es/es/p/yogur-natural-azucarado-pack-4-unidades/7340891",
    "price": 0.79,
    "reference_price": 1.58,
    "iva": 10,
    "reference_unit": "1 Kg",
    "date": "2023-01-17"
  },
  {
    "id": 23828,
    "name": "Bebida Energética Mango Loco Lata MONSTER",
    "description": "Bebida Energética Mango Loco Lata 0,5 L",
    "category": "Energéticas",
    "url": "https://tienda.consum.es/es/p/bebida-energetica-mango-loco-lata/7351781",
    "price": 1.58,
    "reference_price": 3.16,
    "iva": 21,
    "reference_unit": "1 L",
    "date": "2023-01-17"
  },
  {
    "id": 23829,
    "name": "Postre de Macedonia Pack 2 Unidades ANELA",
    "description": "Postre de Macedonia Pack 2 Unidades 2 x 100 Gr",
    "category": "Membrillos y compotas",
    "url": "https://tienda.consum.es/es/p/postre-de-macedonia-pack-2-unidades/7351885",
    "price": 1.35,
    "reference_price": 6.75,
    "iva": 10,
    "reference_unit": "1 Kg",
    "date": "2023-01-17"
  },
  {
    "id": 23834,
    "name": "Colonia Pour Homme Nº60 CARAVAN",
    "description": "Colonia Pour Homme Nº60 150 ml",
    "category": "Masculinas",
    "url": "https://tienda.consum.es/es/p/colonia-pour-homme-n60/7352735",
    "price": 10.95,
    "reference_price": 7.3,
    "iva": 21,
    "reference_unit": "100 ml",
    "date": "2023-01-17"
  },
  {
    "id": 23836,
    "name": "Chocolate con Galleta Dinosaurus NESTLE",
    "description": "Chocolate con Galleta Dinosaurus 120 Gr",
    "category": "Tabletas",
    "url": "https://tienda.consum.es/es/p/chocolate-con-galleta-dinosaurus/7352805",
    "price": 1.35,
    "reference_price": 11.25,
    "iva": 10,
    "reference_unit": "1 Kg",
    "date": "2023-01-17"
  },
  {
    "id": 23839,
    "name": "Queso Gouda Tierno Cuña ROYAL ORANGE",
    "description": "Queso Gouda Tierno Cuña 350 Gr",
    "category": "Bola, edam, gouda, maasdam",
    "url": "https://tienda.consum.es/es/p/queso-gouda-tierno-cuna/7353048",
    "price": 3.51,
    "reference_price": 10.03,
    "iva": 0,
    "reference_unit": "1 Kg",
    "date": "2023-01-17"
  },
  {
    "id": 23850,
    "name": "Coliflor Granel ",
    "description": "Coliflor Granel",
    "category": "Brócoli, col y coliflor",
    "url": "https://tienda.consum.es/es/p/coliflor-granel/7353840",
    "price": 2.68,
    "reference_price": 1.82,
    "iva": 0,
    "reference_unit": "1 Kg",
    "date": "2023-01-17"
  },
  {
    "id": 23851,
    "name": "Limpiador Desinfectante Pistola Multiusos ASEVI",
    "description": "Limpiador Desinfectante Pistola Multiusos 750 ml",
    "category": "Limpieza hogar",
    "url": "https://tienda.consum.es/es/p/limpiador-desinfectante-pistola-multiusos/7353852",
    "price": 2.29,
    "reference_price": 3.05,
    "iva": 21,
    "reference_unit": "1 L",
    "date": "2023-01-17"
  },
  {
    "id": 23852,
    "name": "Jarra Blanca Marella Más Filtro BRITA",
    "description": "Jarra Blanca Marella Más Filtro 1 U",
    "category": "Menaje cocina",
    "url": "https://tienda.consum.es/es/p/jarra-blanca-marella-mas-filtro/7347784",
    "price": 22.95,
    "reference_price": 22.95,
    "iva": 21,
    "reference_unit": "1 U",
    "date": "2023-01-17"
  },
  {
    "id": 23853,
    "name": "Yogur 00% Sabor Fresa Pack de 4 Unidades CONSUM",
    "description": "Yogur 00% Sabor Fresa Pack de 4 Unidades 4 x 125 Gr",
    "category": "Yogur sabores desnatado",
    "url": "https://tienda.consum.es/es/p/yogur-00-sabor-fresa-pack-de-4-unidades/7340875",
    "price": 0.99,
    "reference_price": 1.98,
    "iva": 10,
    "reference_unit": "1 Kg",
    "date": "2023-01-17"
  },
  {
    "id": 23854,
    "name": "Yogur 00% Sabor Limón Pack de 4 Unidades CONSUM",
    "description": "Yogur 00% Sabor Limón Pack de 4 Unidades 4 x 125 Gr",
    "category": "Yogur sabores desnatado",
    "url": "https://tienda.consum.es/es/p/yogur-00-sabor-limon-pack-de-4-unidades/7340883",
    "price": 0.99,
    "reference_price": 1.98,
    "iva": 10,
    "reference_unit": "1 Kg",
    "date": "2023-01-17"
  },
  {
    "id": 23855,
    "name": "Yogur Sabor Fresa Pack 4 Unidades CONSUM",
    "description": "Yogur Sabor Fresa Pack 4 Unidades 4 x 125 Gr",
    "category": "Yogur sabores",
    "url": "https://tienda.consum.es/es/p/yogur-sabor-fresa-pack-4-unidades/7340896",
    "price": 0.79,
    "reference_price": 1.58,
    "iva": 10,
    "reference_unit": "1 Kg",
    "date": "2023-01-17"
  },
  {
    "id": 23856,
    "name": "Yogur Sabor Macedonia Pack de 4 Unidades CONSUM",
    "description": "Yogur Sabor Macedonia Pack de 4 Unidades 4 x 125 Gr",
    "category": "Yogur sabores",
    "url": "https://tienda.consum.es/es/p/yogur-sabor-macedonia-pack-de-4-unidades/7340904",
    "price": 0.79,
    "reference_price": 1.58,
    "iva": 10,
    "reference_unit": "1 Kg",
    "date": "2023-01-17"
  },
  {
    "id": 23857,
    "name": "Yogur Sabor Coco Pack de 4 Unidades CONSUM",
    "description": "Yogur Sabor Coco Pack de 4 Unidades 4 x 125 Gr",
    "category": "Yogur sabores",
    "url": "https://tienda.consum.es/es/p/yogur-sabor-coco-pack-de-4-unidades/7340909",
    "price": 0.79,
    "reference_price": 1.58,
    "iva": 10,
    "reference_unit": "1 Kg",
    "date": "2023-01-17"
  },
  {
    "id": 23858,
    "name": "Yogur Sabor Limón Pack de 4 Unidades CONSUM",
    "description": "Yogur Sabor Limón Pack de 4 Unidades 4 x 125 Gr",
    "category": "Yogur sabores",
    "url": "https://tienda.consum.es/es/p/yogur-sabor-limon-pack-de-4-unidades/7340912",
    "price": 0.79,
    "reference_price": 1.58,
    "iva": 10,
    "reference_unit": "1 Kg",
    "date": "2023-01-17"
  },
  {
    "id": 23859,
    "name": "Cono Extreme 3 Chocolates Pack de 6 NESTLE",
    "description": "Cono Extreme 3 Chocolates Pack de 6 432 Gr",
    "category": "Conos",
    "url": "https://tienda.consum.es/es/p/cono-extreme-3-chocolates-pack-de-6/7349715",
    "price": 4.39,
    "reference_price": 9.89,
    "iva": 10,
    "reference_unit": "1 Kg",
    "date": "2023-01-17"
  },
  {
    "id": 23860,
    "name": "Cono Extreme Doble Vainilla Pack de 6 NESTLE",
    "description": "Cono Extreme Doble Vainilla Pack de 6 420 Gr",
    "category": "Conos",
    "url": "https://tienda.consum.es/es/p/cono-extreme-doble-vainilla-pack-de-6/7349723",
    "price": 4.39,
    "reference_price": 10.45,
    "iva": 10,
    "reference_unit": "1 Kg",
    "date": "2023-01-17"
  },
  {
    "id": 23861,
    "name": "Mini Conos de Vainilla s/Azúcar 8 Unidades NESTLE",
    "description": "Mini Conos de Vainilla s/Azúcar 8 Unidades 312 Gr",
    "category": "Helados",
    "url": "https://tienda.consum.es/es/p/mini-conos-de-vainilla-s/azucar-8-unidades/7349731",
    "price": 5.69,
    "reference_price": 18.24,
    "iva": 10,
    "reference_unit": "1 Kg",
    "date": "2023-01-17"
  },
  {
    "id": 23864,
    "name": "Molinillo Sal Negra Frasco TOQUE",
    "description": "Molinillo Sal Negra Frasco 100 Gr",
    "category": "Sal y especias",
    "url": "https://tienda.consum.es/es/p/molinillo-sal-negra-frasco/7352235",
    "price": 1.95,
    "reference_price": 19.5,
    "iva": 10,
    "reference_unit": "1 Kg",
    "date": "2023-01-17"
  },
  {
    "id": 23865,
    "name": "Colonia Pour Femme Nº81 CARAVAN",
    "description": "Colonia Pour Femme Nº81 150 ml",
    "category": "Femeninas",
    "url": "https://tienda.consum.es/es/p/colonia-pour-femme-n81/7352615",
    "price": 10.95,
    "reference_price": 7.3,
    "iva": 21,
    "reference_unit": "100 ml",
    "date": "2023-01-17"
  },
  {
    "id": 23866,
    "name": "Salsa Pesto Genovese Frasco GAROFALO",
    "description": "Salsa Pesto Genovese Frasco 180 Gr",
    "category": "Otras salsas",
    "url": "https://tienda.consum.es/es/p/salsa-pesto-genovese-frasco/7352636",
    "price": 3.19,
    "reference_price": 17.72,
    "iva": 10,
    "reference_unit": "1 Kg",
    "date": "2023-01-17"
  },
  {
    "id": 23870,
    "name": "Café Soluble Natural Black Roast NESCAFE",
    "description": "Café Soluble Natural Black Roast 200 Gr",
    "category": "Café Soluble ",
    "url": "https://tienda.consum.es/es/p/cafe-soluble-natural-black-roast/7353204",
    "price": 5.95,
    "reference_price": 29.75,
    "iva": 10,
    "reference_unit": "1 Kg",
    "date": "2023-01-17"
  },
  {
    "id": 23875,
    "name": "Mini Panecillo 100% Integral 5 Und. ",
    "description": "Mini Panecillo 100% Integral 5 Und. 225 Gr",
    "category": "Pan de horno",
    "url": "https://tienda.consum.es/es/p/mini-panecillo-100-integral-5-und/7353659",
    "price": 0.87,
    "reference_price": 3.87,
    "iva": 10,
    "reference_unit": "1 Kg",
    "date": "2023-01-17"
  },
  {
    "id": 23880,
    "name": "Queso Bola Edam Tierno Holandés Cuña ROYAL ORANGE",
    "description": "Queso Bola Edam Tierno Holandés Cuña 310 Gr",
    "category": "Bola, edam, gouda, maasdam",
    "url": "https://tienda.consum.es/es/p/queso-bola-edam-tierno-holandes-cuna/7354053",
    "price": 3.51,
    "reference_price": 11.32,
    "iva": 0,
    "reference_unit": "1 Kg",
    "date": "2023-01-17"
  },
  {
    "id": 23894,
    "name": "Queso Cabra Pell Florida L.Pasteurizada Maestraz CATI",
    "description": "Queso Cabra Pell Florida L.Pasteurizada Maestraz",
    "category": "Quesos de Cabra",
    "url": "https://tienda.consum.es/es/p/queso-cabra-pell-florida-lpasteurizada-maestraz/7198716",
    "price": 21.06,
    "reference_price": 21.06,
    "iva": 0,
    "reference_unit": "1 Kg",
    "date": "2023-01-17"
  },
  {
    "id": 23895,
    "name": "Queso Oveja Tierno Leche Pasteurizada V.SOTUELAMOS",
    "description": "Queso Oveja Tierno Leche Pasteurizada",
    "category": "Tiernos y light",
    "url": "https://tienda.consum.es/es/p/queso-oveja-tierno-leche-pasteurizada/7199367",
    "price": 13.37,
    "reference_price": 13.37,
    "iva": 0,
    "reference_unit": "1 Kg",
    "date": "2023-01-17"
  },
  {
    "id": 23897,
    "name": "Paté con Pato y Arándanos DIALEXVA",
    "description": "Paté con Pato y Arándanos",
    "category": "Foie y patés ",
    "url": "https://tienda.consum.es/es/p/pate-con-pato-y-arandanos/7213275",
    "price": 14.5,
    "reference_price": 14.5,
    "iva": 10,
    "reference_unit": "1 Kg",
    "date": "2023-01-17"
  },
  {
    "id": 23902,
    "name": "Queso Cabrales D.O.P Leche Cruda de Vaca EL MOLIN",
    "description": "Queso Cabrales D.O.P Leche Cruda de Vaca",
    "category": "Roquefort y azules",
    "url": "https://tienda.consum.es/es/p/queso-cabrales-dop-leche-cruda-de-vaca/7232817",
    "price": 22.02,
    "reference_price": 22.02,
    "iva": 0,
    "reference_unit": "1 Kg",
    "date": "2023-01-17"
  },
  {
    "id": 23908,
    "name": "Queso Mezcla Curado Leche Pasteurizada ARTEPOK",
    "description": "Queso Mezcla Curado Leche Pasteurizada",
    "category": "Quesos Curados",
    "url": "https://tienda.consum.es/es/p/queso-mezcla-curado-leche-pasteurizada/7282291",
    "price": 13.95,
    "reference_price": 13.95,
    "iva": 0,
    "reference_unit": "1 Kg",
    "date": "2023-01-17"
  },
  {
    "id": 23909,
    "name": "Queso Oveja-Cabra Añejo Leche Cruda 12 Meses CARMEN",
    "description": "Queso Oveja-Cabra Añejo Leche Cruda 12 Meses",
    "category": "Quesos Curados",
    "url": "https://tienda.consum.es/es/p/queso-oveja-cabra-anejo-leche-cruda-12-meses/7284359",
    "price": 17.79,
    "reference_price": 17.79,
    "iva": 0,
    "reference_unit": "1 Kg",
    "date": "2023-01-17"
  },
  {
    "id": 23912,
    "name": "Q.Rulo Mezcla Papaya L.Pasteurizada Cabr-Vac GRANJA RINYA",
    "description": "Q.Rulo Mezcla Papaya L.Pasteurizada Cabr-Vac",
    "category": "Quesos de Cabra",
    "url": "https://tienda.consum.es/es/p/qrulo-mezcla-papaya-lpasteurizada-cabr-vac/7289072",
    "price": 14.9,
    "reference_price": 14.9,
    "iva": 0,
    "reference_unit": "1 Kg",
    "date": "2023-01-17"
  },
  {
    "id": 23913,
    "name": "Q. Oveja Pasta Blanda Leche Pasteurizada GRANJA RINYA",
    "description": "Q. Oveja Pasta Blanda Leche Pasteurizada",
    "category": "Quesos de Cabra",
    "url": "https://tienda.consum.es/es/p/q-oveja-pasta-blanda-leche-pasteurizada/7289077",
    "price": 15.29,
    "reference_price": 15.29,
    "iva": 0,
    "reference_unit": "1 Kg",
    "date": "2023-01-17"
  },
  {
    "id": 23921,
    "name": "Queso Roquefort DOP L. Cruda Oveja 6 Meses COMPTOIR D A",
    "description": "Queso Roquefort DOP L. Cruda Oveja 6 Meses",
    "category": "Roquefort y azules",
    "url": "https://tienda.consum.es/es/p/queso-roquefort-dop-l-cruda-oveja-6-meses/7301877",
    "price": 22.02,
    "reference_price": 22.02,
    "iva": 0,
    "reference_unit": "1 Kg",
    "date": "2023-01-17"
  },
  {
    "id": 23923,
    "name": "Q.de Oveja Pasteurizada El Pastor de Morella P.MORELLA",
    "description": "Q.de Oveja Pasteurizada El Pastor de Morella",
    "category": "Quesos Curados",
    "url": "https://tienda.consum.es/es/p/qde-oveja-pasteurizada-el-pastor-de-morella/7317592",
    "price": 20.1,
    "reference_price": 20.1,
    "iva": 0,
    "reference_unit": "1 Kg",
    "date": "2023-01-17"
  },
  {
    "id": 23924,
    "name": "Queso Mahón Semi DOP de Leche Cruda SA NAVETA",
    "description": "Queso Mahón Semi DOP de Leche Cruda",
    "category": "Quesos de Oveja",
    "url": "https://tienda.consum.es/es/p/queso-mahon-semi-dop-de-leche-cruda/7317852",
    "price": 13.94,
    "reference_price": 13.94,
    "iva": 0,
    "reference_unit": "1 Kg",
    "date": "2023-01-17"
  },
  {
    "id": 23925,
    "name": "Queso Idiazabal DOP Leche Cruda de Oveja BELAI",
    "description": "Queso Idiazabal DOP Leche Cruda de Oveja",
    "category": "Quesos Curados",
    "url": "https://tienda.consum.es/es/p/queso-idiazabal-dop-leche-cruda-de-oveja/7317964",
    "price": 21.63,
    "reference_price": 21.63,
    "iva": 0,
    "reference_unit": "1 Kg",
    "date": "2023-01-17"
  },
  {
    "id": 23927,
    "name": "Tinto de Verano Clásico Lata LA CASERA",
    "description": "Tinto de Verano Clásico Lata 0,33 L",
    "category": "Sangrías y combinados base vino",
    "url": "https://tienda.consum.es/es/p/tinto-de-verano-clasico-lata/7318033",
    "price": 0.85,
    "reference_price": 2.58,
    "iva": 21,
    "reference_unit": "1 L",
    "date": "2023-01-17"
  },
  {
    "id": 23931,
    "name": "Queso Zamorano D.O.P. Leche Cruda de Oveja EL PASTOR",
    "description": "Queso Zamorano D.O.P. Leche Cruda de Oveja",
    "category": "Quesos Curados",
    "url": "https://tienda.consum.es/es/p/queso-zamorano-dop-leche-cruda-de-oveja/7329360",
    "price": 22.02,
    "reference_price": 22.02,
    "iva": 0,
    "reference_unit": "1 Kg",
    "date": "2023-01-17"
  },
  {
    "id": 23932,
    "name": "Tofu Ecológico Frasco ECOCESTA",
    "description": "Tofu Ecológico Frasco 250 Gr",
    "category": "Conservas, aceites y condimentos",
    "url": "https://tienda.consum.es/es/p/tofu-ecologico-frasco/7329444",
    "price": 5.15,
    "reference_price": 20.6,
    "iva": 10,
    "reference_unit": "1 Kg",
    "date": "2023-01-17"
  },
  {
    "id": 23934,
    "name": "Skyr Frutas Varias con Fresa y Maracuyá EHRMANN",
    "description": "Skyr Frutas Varias con Fresa y Maracuyá 150 Gr",
    "category": "Yogures especial salud",
    "url": "https://tienda.consum.es/es/p/skyr-frutas-varias-con-fresa-y-maracuya/7339112",
    "price": 0.89,
    "reference_price": 5.93,
    "iva": 10,
    "reference_unit": "1 Kg",
    "date": "2023-01-17"
  },
  {
    "id": 23935,
    "name": "Vino Tinto Crianza D.O.Cigales VAL.FRAILES",
    "description": "Vino Tinto Crianza D.O.Cigales 0,75 L",
    "category": "Vinos d.o",
    "url": "https://tienda.consum.es/es/p/vino-tinto-crianza-docigales/7345085",
    "price": 10.5,
    "reference_price": 14,
    "iva": 21,
    "reference_unit": "1 L",
    "date": "2023-01-17"
  },
  {
    "id": 23938,
    "name": "Batido de Chocolate 90% Leche Pack de 6 CONSUM",
    "description": "Batido de Chocolate 90% Leche Pack de 6 6 x 200 ml",
    "category": "Batidos y cafés",
    "url": "https://tienda.consum.es/es/p/batido-de-chocolate-90-leche-pack-de-6/7345494",
    "price": 1.65,
    "reference_price": 1.38,
    "iva": 10,
    "reference_unit": "1 L",
    "date": "2023-01-17"
  },
  {
    "id": 23944,
    "name": "Cerveza sin Filtrar Lata EL ÁGUILA",
    "description": "Cerveza sin Filtrar Lata 0,33 L",
    "category": "Especialidades",
    "url": "https://tienda.consum.es/es/p/cerveza-sin-filtrar-lata/7346807",
    "price": 0.99,
    "reference_price": 3,
    "iva": 21,
    "reference_unit": "1 L",
    "date": "2023-01-17"
  },
  {
    "id": 23948,
    "name": "Berberechos al Natural Piezas 65/75 GALICA",
    "description": "Berberechos al Natural Piezas 65/75 63 Gr",
    "category": "Almejas, berberechos y navajas",
    "url": "https://tienda.consum.es/es/p/berberechos-al-natural-piezas-65/75/7347099",
    "price": 4.55,
    "reference_price": 72.22,
    "iva": 10,
    "reference_unit": "1 Kg",
    "date": "2023-01-17"
  },
  {
    "id": 23949,
    "name": "Chopped Lata Delicatessen SERRANO",
    "description": "Chopped Lata Delicatessen",
    "category": "Mortadela y chopped",
    "url": "https://tienda.consum.es/es/p/chopped-lata-delicatessen/7347479",
    "price": 10.5,
    "reference_price": 10.5,
    "iva": 10,
    "reference_unit": "1 Kg",
    "date": "2023-01-17"
  },
  {
    "id": 23960,
    "name": "Colonia Mini Mujer Nº21 CARAVAN",
    "description": "Colonia Mini Mujer Nº21 30 ml",
    "category": "Femeninas",
    "url": "https://tienda.consum.es/es/p/colonia-mini-mujer-n21/7351849",
    "price": 3.5,
    "reference_price": 11.67,
    "iva": 21,
    "reference_unit": "100 ml",
    "date": "2023-01-17"
  },
  {
    "id": 23962,
    "name": "Colonia Mini Mujer Nº28 CARAVAN",
    "description": "Colonia Mini Mujer Nº28 30 ml",
    "category": "Femeninas",
    "url": "https://tienda.consum.es/es/p/colonia-mini-mujer-n28/7351869",
    "price": 3.5,
    "reference_price": 11.67,
    "iva": 21,
    "reference_unit": "100 ml",
    "date": "2023-01-17"
  },
  {
    "id": 23963,
    "name": "Colonia Mini Mujer Nº36 CARAVAN",
    "description": "Colonia Mini Mujer Nº36 30 ml",
    "category": "Femeninas",
    "url": "https://tienda.consum.es/es/p/colonia-mini-mujer-n36/7351872",
    "price": 3.5,
    "reference_price": 11.67,
    "iva": 21,
    "reference_unit": "100 ml",
    "date": "2023-01-17"
  },
  {
    "id": 23964,
    "name": "Colonia Mini Mujer Nº80 CARAVAN",
    "description": "Colonia Mini Mujer Nº80 30 ml",
    "category": "Femeninas",
    "url": "https://tienda.consum.es/es/p/colonia-mini-mujer-n80/7351877",
    "price": 3.5,
    "reference_price": 11.67,
    "iva": 21,
    "reference_unit": "100 ml",
    "date": "2023-01-17"
  },
  {
    "id": 23978,
    "name": "Colonia Mini Hombre Nº57 CARAVAN",
    "description": "Colonia Mini Hombre Nº57 30 ml",
    "category": "Masculinas",
    "url": "https://tienda.consum.es/es/p/colonia-mini-hombre-n57/7352099",
    "price": 3.5,
    "reference_price": 11.67,
    "iva": 21,
    "reference_unit": "100 ml",
    "date": "2023-01-17"
  },
  {
    "id": 23985,
    "name": "Espárrago Verde congelado VERLEAL",
    "description": "Espárrago Verde congelado 300 Gr",
    "category": "Otras verduras",
    "url": "https://tienda.consum.es/es/p/esparrago-verde-congelado/7352438",
    "price": 3.36,
    "reference_price": 11.2,
    "iva": 0,
    "reference_unit": "1 Kg",
    "date": "2023-01-17"
  },
  {
    "id": 23986,
    "name": "Meditterranium Bites Pizza VELARTE",
    "description": "Meditterranium Bites Pizza 80 Gr",
    "category": "Rosquilletas, picos y snacks",
    "url": "https://tienda.consum.es/es/p/meditterranium-bites-pizza/7352503",
    "price": 0.95,
    "reference_price": 11.88,
    "iva": 10,
    "reference_unit": "1 Kg",
    "date": "2023-01-17"
  },
  {
    "id": 23991,
    "name": "Salsa Parmigiana Frasco GAROFALO",
    "description": "Salsa Parmigiana Frasco 400 Gr",
    "category": "Otras salsas",
    "url": "https://tienda.consum.es/es/p/salsa-parmigiana-frasco/7352644",
    "price": 3.19,
    "reference_price": 7.98,
    "iva": 10,
    "reference_unit": "1 Kg",
    "date": "2023-01-17"
  },
  {
    "id": 23992,
    "name": "Colonia Pour Mujer Nº49 CARAVAN",
    "description": "Colonia Pour Mujer Nº49 150 ml",
    "category": "Femeninas",
    "url": "https://tienda.consum.es/es/p/colonia-pour-mujer-n49/7352719",
    "price": 10.95,
    "reference_price": 7.3,
    "iva": 21,
    "reference_unit": "100 ml",
    "date": "2023-01-17"
  },
  {
    "id": 23993,
    "name": "Cacao Soluble 0% Bolsa COLA CAO",
    "description": "Cacao Soluble 0% Bolsa 500 Gr",
    "category": "Cacao soluble",
    "url": "https://tienda.consum.es/es/p/cacao-soluble-0-bolsa/7352763",
    "price": 5.39,
    "reference_price": 10.78,
    "iva": 10,
    "reference_unit": "1 Kg",
    "date": "2023-01-17"
  },
  {
    "id": 23995,
    "name": "Queso de Cabra Curado con Leche Pasteurizada CAPRILLICE",
    "description": "Queso de Cabra Curado con Leche Pasteurizada",
    "category": "Quesos de Cabra",
    "url": "https://tienda.consum.es/es/p/queso-de-cabra-curado-con-leche-pasteurizada/7353014",
    "price": 20.67,
    "reference_price": 20.67,
    "iva": 0,
    "reference_unit": "1 Kg",
    "date": "2023-01-17"
  },
  {
    "id": 24001,
    "name": "Aceite Oliva Virgen Extra Botella L' ALCUZA",
    "description": "Aceite Oliva Virgen Extra Botella 2 L",
    "category": "Aceite de oliva virgen y virgen extra",
    "url": "https://tienda.consum.es/es/p/aceite-oliva-virgen-extra-botella/7353340",
    "price": 13.03,
    "reference_price": 6.52,
    "iva": 5,
    "reference_unit": "1 L",
    "date": "2023-01-17"
  },
  {
    "id": 24003,
    "name": "Desodorante Roll On Invisible DOVE",
    "description": "Desodorante Roll On Invisible 50 ml",
    "category": "Roll on",
    "url": "https://tienda.consum.es/es/p/desodorante-roll-on-invisible/7353613",
    "price": 2.2,
    "reference_price": 4.4,
    "iva": 21,
    "reference_unit": "100 ml",
    "date": "2023-01-17"
  },
  {
    "id": 24004,
    "name": "Desodorante Roll On Original DOVE",
    "description": "Desodorante Roll On Original 50 ml",
    "category": "Spray",
    "url": "https://tienda.consum.es/es/p/desodorante-roll-on-original/7353618",
    "price": 2,
    "reference_price": 4,
    "iva": 21,
    "reference_unit": "100 ml",
    "date": "2023-01-17"
  },
  {
    "id": 24005,
    "name": "Jabón Ecológico Rosa Mosqueta YERBAS VIVAS",
    "description": "Jabón Ecológico Rosa Mosqueta 1 U",
    "category": "Jabón en pastillas",
    "url": "https://tienda.consum.es/es/p/jabon-ecologico-rosa-mosqueta/7353621",
    "price": 2.55,
    "reference_price": 2.55,
    "iva": 21,
    "reference_unit": "1 U",
    "date": "2023-01-17"
  },
  {
    "id": 24007,
    "name": "Filete Merluza Argentina sin Piel congelado NOS",
    "description": "Filete Merluza Argentina sin Piel congelado 350 Gr",
    "category": "Pescados y mariscos",
    "url": "https://tienda.consum.es/es/p/filete-merluza-argentina-sin-piel-congelado/7353642",
    "price": 3.49,
    "reference_price": 9.97,
    "iva": 10,
    "reference_unit": "1 Kg",
    "date": "2023-01-17"
  },
  {
    "id": 24008,
    "name": "Pizza congelada Bella Napoli Prosciutto BUITONI",
    "description": "Pizza congelada Bella Napoli Prosciutto 415 Gr",
    "category": "Pizza congelada",
    "url": "https://tienda.consum.es/es/p/pizza-congelada-bella-napoli-prosciutto/7354215",
    "price": 4.99,
    "reference_price": 12.02,
    "iva": 10,
    "reference_unit": "1 Kg",
    "date": "2023-01-17"
  },
  {
    "id": 24009,
    "name": "Cápsulas Vitamina C NATURTIERRA",
    "description": "Cápsulas Vitamina C 1000 Gr",
    "category": "Fitoterapia",
    "url": "https://tienda.consum.es/es/p/capsulas-vitamina-c/7354223",
    "price": 3.99,
    "reference_price": 3.99,
    "iva": 10,
    "reference_unit": "1 Kg",
    "date": "2023-01-17"
  },
  {
    "id": 24016,
    "name": "Mosto Tinto Pet ROSTOY",
    "description": "Mosto Tinto Pet 1,5 L",
    "category": "Mosto",
    "url": "https://tienda.consum.es/es/p/mosto-tinto-pet/7354348",
    "price": 2,
    "reference_price": 1.33,
    "iva": 10,
    "reference_unit": "1 L",
    "date": "2023-01-17"
  },
  {
    "id": 24017,
    "name": "Mosto Blanco Pet ROSTOY",
    "description": "Mosto Blanco Pet 1,5 L",
    "category": "Mosto",
    "url": "https://tienda.consum.es/es/p/mosto-blanco-pet/7354350",
    "price": 2,
    "reference_price": 1.33,
    "iva": 10,
    "reference_unit": "1 L",
    "date": "2023-01-17"
  },
  {
    "id": 24023,
    "name": "Alubia Cocida Frasco LOZANO",
    "description": "Alubia Cocida Frasco 210 Gr",
    "category": "Alubias",
    "url": "https://tienda.consum.es/es/p/alubia-cocida-frasco/7354426",
    "price": 0.79,
    "reference_price": 3.76,
    "iva": 10,
    "reference_unit": "1 Kg",
    "date": "2023-01-17"
  },
  {
    "id": 24024,
    "name": "Lenteja Cocida Frasco LOZANO",
    "description": "Lenteja Cocida Frasco 210 Gr",
    "category": "Lentejas",
    "url": "https://tienda.consum.es/es/p/lenteja-cocida-frasco/7354439",
    "price": 0.79,
    "reference_price": 3.76,
    "iva": 10,
    "reference_unit": "1 Kg",
    "date": "2023-01-17"
  },
  {
    "id": 24030,
    "name": "Ajo Picado congelado VERLEAL",
    "description": "Ajo Picado congelado 125 Gr",
    "category": "Condimentos",
    "url": "https://tienda.consum.es/es/p/ajo-picado-congelado/7354665",
    "price": 1.53,
    "reference_price": 12.24,
    "iva": 0,
    "reference_unit": "1 Kg",
    "date": "2023-01-17"
  },
  {
    "id": 24031,
    "name": "Vino Tinto Roble D.O.Somontano VINITIUM",
    "description": "Vino Tinto Roble D.O.Somontano 0,75 L",
    "category": "Vinos d.o",
    "url": "https://tienda.consum.es/es/p/vino-tinto-roble-dosomontano/7354681",
    "price": 4.29,
    "reference_price": 5.72,
    "iva": 21,
    "reference_unit": "1 L",
    "date": "2023-01-17"
  },
  {
    "id": 24032,
    "name": "Vino BlancoGewuztramine D.O.Somontano VINITIUM",
    "description": "Vino BlancoGewuztramine D.O.Somontano 0,75 L",
    "category": "Vinos d.o",
    "url": "https://tienda.consum.es/es/p/vino-blancogewuztramine-dosomontano/7354699",
    "price": 4.65,
    "reference_price": 6.2,
    "iva": 21,
    "reference_unit": "1 L",
    "date": "2023-01-17"
  },
  {
    "id": 24037,
    "name": "Mini Tortilla Trigo Paquete 8 Unidades OLD EL PASO",
    "description": "Mini Tortilla Trigo Paquete 8 Unidades 220 Gr",
    "category": "Pan de hamburguesa, hot dog y wraps",
    "url": "https://tienda.consum.es/es/p/mini-tortilla-trigo-paquete-8-unidades/7354889",
    "price": 2.45,
    "reference_price": 11.14,
    "iva": 10,
    "reference_unit": "1 Kg",
    "date": "2023-01-17"
  },
  {
    "id": 24039,
    "name": "Queso Semicurado Bola Edam ROYAL ORANGE",
    "description": "Queso Semicurado Bola Edam 285 Gr",
    "category": "Bola, edam, gouda, maasdam",
    "url": "https://tienda.consum.es/es/p/queso-semicurado-bola-edam/7355142",
    "price": 3.03,
    "reference_price": 10.63,
    "iva": 0,
    "reference_unit": "1 Kg",
    "date": "2023-01-17"
  },
  {
    "id": 24042,
    "name": "Suavizante Orgánico Lavanda BOTANICAL",
    "description": "Suavizante Orgánico Lavanda 45 Lv",
    "category": "Droguería y limpieza",
    "url": "https://tienda.consum.es/es/p/suavizante-organico-lavanda/7355175",
    "price": 4.99,
    "reference_price": 0.11,
    "iva": 21,
    "reference_unit": "1 Lv",
    "date": "2023-01-17"
  },
  {
    "id": 24048,
    "name": "Tinte 6/00 Rubio Oscuro KYREY",
    "description": "Tinte 6/00 Rubio Oscuro 1 U",
    "category": "Coloración",
    "url": "https://tienda.consum.es/es/p/tinte-6/00-rubio-oscuro/7318772",
    "price": 3.9,
    "reference_price": 3.9,
    "iva": 21,
    "reference_unit": "1 U",
    "date": "2023-01-17"
  },
  {
    "id": 24051,
    "name": "Colonia Mini Hombre Nº17 CARAVAN",
    "description": "Colonia Mini Hombre Nº17 30 ml",
    "category": "Masculinas",
    "url": "https://tienda.consum.es/es/p/colonia-mini-hombre-n17/7352094",
    "price": 3.5,
    "reference_price": 11.67,
    "iva": 21,
    "reference_unit": "100 ml",
    "date": "2023-01-17"
  },
  {
    "id": 24056,
    "name": "Barrita Fitness Chocolate Pack 4 Unidades NESTLE",
    "description": "Barrita Fitness Chocolate Pack 4 Unidades 4 x 23,5 Gr",
    "category": "Cereales y barritas",
    "url": "https://tienda.consum.es/es/p/barrita-fitness-chocolate-pack-4-unidades/7352821",
    "price": 1,
    "reference_price": 10.64,
    "iva": 10,
    "reference_unit": "1 Kg",
    "date": "2023-01-17"
  },
  {
    "id": 24057,
    "name": "Barrita Nesquik Cereales Pack 4 Unidades NESTLE",
    "description": "Barrita Nesquik Cereales Pack 4 Unidades 4 x 25 Gr",
    "category": "Barritas ",
    "url": "https://tienda.consum.es/es/p/barrita-nesquik-cereales-pack-4-unidades/7352826",
    "price": 1,
    "reference_price": 10,
    "iva": 10,
    "reference_unit": "1 Kg",
    "date": "2023-01-17"
  },
  {
    "id": 24061,
    "name": "Jabón Ecológico Áloe Vera YERBAS VIVAS",
    "description": "Jabón Ecológico Áloe Vera 1 U",
    "category": "Jabón en pastillas",
    "url": "https://tienda.consum.es/es/p/jabon-ecologico-aloe-vera/7353634",
    "price": 2.55,
    "reference_price": 2.55,
    "iva": 21,
    "reference_unit": "1 U",
    "date": "2023-01-17"
  },
  {
    "id": 24065,
    "name": "Garbanzo Cocido Frasco LOZANO",
    "description": "Garbanzo Cocido Frasco 210 Gr",
    "category": "Garbanzos",
    "url": "https://tienda.consum.es/es/p/garbanzo-cocido-frasco/7354434",
    "price": 0.79,
    "reference_price": 3.76,
    "iva": 10,
    "reference_unit": "1 Kg",
    "date": "2023-01-17"
  },
  {
    "id": 24071,
    "name": "Guiso de Lentejas con Verduras y Curry VIA NATURE",
    "description": "Guiso de Lentejas con Verduras y Curry 300 Gr",
    "category": "Veganos",
    "url": "https://tienda.consum.es/es/p/guiso-de-lentejas-con-verduras-y-curry/7355352",
    "price": 2.95,
    "reference_price": 9.83,
    "iva": 10,
    "reference_unit": "1 Kg",
    "date": "2023-01-17"
  },
  {
    "id": 24072,
    "name": "Caldo Casero de Pollo Brik G.BLANCA",
    "description": "Caldo Casero de Pollo Brik 500 ml",
    "category": "Caldos y sopas",
    "url": "https://tienda.consum.es/es/p/caldo-casero-de-pollo-brik/7355431",
    "price": 1.25,
    "reference_price": 2.5,
    "iva": 10,
    "reference_unit": "1 L",
    "date": "2023-01-17"
  },
  {
    "id": 24074,
    "name": "Profilácticos XL Sensitive Suave DUREX",
    "description": "Profilácticos XL Sensitive Suave 10 U",
    "category": "Preservativos",
    "url": "https://tienda.consum.es/es/p/profilacticos-xl-sensitive-suave/7355464",
    "price": 9.73,
    "reference_price": 0.97,
    "iva": 4,
    "reference_unit": "1 U",
    "date": "2023-01-17"
  },
  {
    "id": 24075,
    "name": "Profilácticos Mutual Climax DUREX",
    "description": "Profilácticos Mutual Climax 12 U",
    "category": "Preservativos",
    "url": "https://tienda.consum.es/es/p/profilacticos-mutual-climax/7355469",
    "price": 12.76,
    "reference_price": 1.06,
    "iva": 4,
    "reference_unit": "1 U",
    "date": "2023-01-17"
  },
  {
    "id": 24076,
    "name": "Profilácticos Real Feel DUREX",
    "description": "Profilácticos Real Feel 12 U",
    "category": "Preservativos",
    "url": "https://tienda.consum.es/es/p/profilacticos-real-feel/7355472",
    "price": 11.01,
    "reference_price": 0.92,
    "iva": 4,
    "reference_unit": "1 U",
    "date": "2023-01-17"
  },
  {
    "id": 24077,
    "name": "Profilácticos Placer Prolongado DUREX",
    "description": "Profilácticos Placer Prolongado 12 U",
    "category": "Preservativos",
    "url": "https://tienda.consum.es/es/p/profilacticos-placer-prolongado/7355477",
    "price": 7.56,
    "reference_price": 0.63,
    "iva": 4,
    "reference_unit": "1 U",
    "date": "2023-01-17"
  },
  {
    "id": 24078,
    "name": "Profilácticos Sensitive Contacto Total DUREX",
    "description": "Profilácticos Sensitive Contacto Total 12 U",
    "category": "Preservativos",
    "url": "https://tienda.consum.es/es/p/profilacticos-sensitive-contacto-total/7355480",
    "price": 9.73,
    "reference_price": 0.81,
    "iva": 4,
    "reference_unit": "1 U",
    "date": "2023-01-17"
  },
  {
    "id": 24079,
    "name": "Profilácticos Sensitive Suave DUREX",
    "description": "Profilácticos Sensitive Suave 12 U",
    "category": "Preservativos",
    "url": "https://tienda.consum.es/es/p/profilacticos-sensitive-suave/7355485",
    "price": 7.56,
    "reference_price": 0.63,
    "iva": 4,
    "reference_unit": "1 U",
    "date": "2023-01-17"
  },
  {
    "id": 24080,
    "name": "Profilácticos Dame Placer DUREX",
    "description": "Profilácticos Dame Placer 12 U",
    "category": "Preservativos",
    "url": "https://tienda.consum.es/es/p/profilacticos-dame-placer/7355493",
    "price": 7.56,
    "reference_price": 0.63,
    "iva": 4,
    "reference_unit": "1 U",
    "date": "2023-01-17"
  },
  {
    "id": 24082,
    "name": "Profilácticos Natural Confort DUREX",
    "description": "Profilácticos Natural Confort 12 U",
    "category": "Preservativos",
    "url": "https://tienda.consum.es/es/p/profilacticos-natural-confort/7355501",
    "price": 6.62,
    "reference_price": 0.55,
    "iva": 4,
    "reference_unit": "1 U",
    "date": "2023-01-17"
  },
  {
    "id": 24083,
    "name": "Galleta Marinera con Aceite de Oliva DAVEIGA",
    "description": "Galleta Marinera con Aceite de Oliva 200 Gr",
    "category": "Rosquilletas, picos y snacks",
    "url": "https://tienda.consum.es/es/p/galleta-marinera-con-aceite-de-oliva/7355589",
    "price": 2.15,
    "reference_price": 10.75,
    "iva": 10,
    "reference_unit": "1 Kg",
    "date": "2023-01-17"
  },
  {
    "id": 24084,
    "name": "Galleta Marinera con Semillas de Chia DAVEIGA",
    "description": "Galleta Marinera con Semillas de Chia 200 Gr",
    "category": "Rosquilletas, picos y snacks",
    "url": "https://tienda.consum.es/es/p/galleta-marinera-con-semillas-de-chia/7355592",
    "price": 2.15,
    "reference_price": 10.75,
    "iva": 10,
    "reference_unit": "1 Kg",
    "date": "2023-01-17"
  },
  {
    "id": 24085,
    "name": "Rollino Nocciola Balconi BALCONI",
    "description": "Rollino Nocciola Balconi 222 Gr",
    "category": "Bollería industrial",
    "url": "https://tienda.consum.es/es/p/rollino-nocciola-balconi/7355597",
    "price": 1.59,
    "reference_price": 7.16,
    "iva": 10,
    "reference_unit": "1 Kg",
    "date": "2023-01-17"
  },
  {
    "id": 24086,
    "name": "Piadinas Pan Italiano ZANUY",
    "description": "Piadinas Pan Italiano 320 Gr",
    "category": "Panes especiales",
    "url": "https://tienda.consum.es/es/p/piadinas-pan-italiano/7355600",
    "price": 2.29,
    "reference_price": 7.16,
    "iva": 10,
    "reference_unit": "1 Kg",
    "date": "2023-01-17"
  },
  {
    "id": 24093,
    "name": "Estropajo Baños Fibra Blanca CONSUM",
    "description": "Estropajo Baños Fibra Blanca 1 U",
    "category": "Estropajos",
    "url": "https://tienda.consum.es/es/p/estropajo-banos-fibra-blanca/7332682",
    "price": 1,
    "reference_price": 1,
    "iva": 21,
    "reference_unit": "1 U",
    "date": "2023-01-17"
  },
  {
    "id": 24094,
    "name": "Recambio Mini Spray Flores Blancas CONSUM",
    "description": "Recambio Mini Spray Flores Blancas 2 U",
    "category": "Aerosol spray o pistola",
    "url": "https://tienda.consum.es/es/p/recambio-mini-spray-flores-blancas/7340722",
    "price": 1.8,
    "reference_price": 0.9,
    "iva": 21,
    "reference_unit": "1 U",
    "date": "2023-01-17"
  },
  {
    "id": 24098,
    "name": "Limpiador WC Polvo LA NAVE",
    "description": "Limpiador WC Polvo 4 U",
    "category": "Limpieza baños",
    "url": "https://tienda.consum.es/es/p/limpiador-wc-polvo/7353105",
    "price": 1.85,
    "reference_price": 0.46,
    "iva": 21,
    "reference_unit": "1 U",
    "date": "2023-01-17"
  },
  {
    "id": 24100,
    "name": "Aceite Corporal Regular JOHNSON",
    "description": "Aceite Corporal Regular 500 ml",
    "category": "Cremas, lociones y colonia",
    "url": "https://tienda.consum.es/es/p/aceite-corporal-regular/7353832",
    "price": 3.69,
    "reference_price": 0.74,
    "iva": 21,
    "reference_unit": "100 ml",
    "date": "2023-01-17"
  },
  {
    "id": 24106,
    "name": "Crema Lata Azul Cara, Cuerpo y Manos NIVEA",
    "description": "Crema Lata Azul Cara, Cuerpo y Manos 400 ml",
    "category": "Body-lociones",
    "url": "https://tienda.consum.es/es/p/crema-lata-azul-cara-cuerpo-y-manos/7354934",
    "price": 5.65,
    "reference_price": 1.41,
    "iva": 21,
    "reference_unit": "100 ml",
    "date": "2023-01-17"
  },
  {
    "id": 24107,
    "name": "Biberón Más de Seis Meses TIGEX",
    "description": "Biberón Más de Seis Meses 360 ml",
    "category": "Puericultura",
    "url": "https://tienda.consum.es/es/p/biberon-mas-de-seis-meses/7355084",
    "price": 6.19,
    "reference_price": 6.19,
    "iva": 21,
    "reference_unit": "1 U",
    "date": "2023-01-17"
  },
  {
    "id": 24110,
    "name": "Chupete Silicona 6-18 M Fisiológico Soft Touch TIGEX",
    "description": "Chupete Silicona 6-18 M Fisiológico Soft Touch 2 U",
    "category": "Puericultura",
    "url": "https://tienda.consum.es/es/p/chupete-silicona-6-18-m-fisiologico-soft-touch/7355100",
    "price": 4.19,
    "reference_price": 2.1,
    "iva": 21,
    "reference_unit": "1 U",
    "date": "2023-01-17"
  },
  {
    "id": 24112,
    "name": "Mezcla para Sofrito congelada VERLEAL",
    "description": "Mezcla para Sofrito congelada 400 Gr",
    "category": "Condimentos",
    "url": "https://tienda.consum.es/es/p/mezcla-para-sofrito-congelada/7355576",
    "price": 1.39,
    "reference_price": 3.48,
    "iva": 10,
    "reference_unit": "1 Kg",
    "date": "2023-01-17"
  },
  {
    "id": 24114,
    "name": "Burger 0% Carne Proteína de Guisante congelada GREEN CUISIN",
    "description": "Burger 0% Carne Proteína de Guisante congelada 200 Gr",
    "category": "Carne, verduras y otros",
    "url": "https://tienda.consum.es/es/p/burger-0-carne-proteina-de-guisante-congelada/7355795",
    "price": 4.49,
    "reference_price": 22.45,
    "iva": 10,
    "reference_unit": "1 Kg",
    "date": "2023-01-17"
  },
  {
    "id": 24116,
    "name": "Bruma Fresca Dulce LAISEVEN",
    "description": "Bruma Fresca Dulce 200 ml",
    "category": "Femeninas",
    "url": "https://tienda.consum.es/es/p/bruma-fresca-dulce/7355808",
    "price": 2.79,
    "reference_price": 1.4,
    "iva": 21,
    "reference_unit": "100 ml",
    "date": "2023-01-17"
  },
  {
    "id": 24119,
    "name": "Kit Fusilli Quesos Italianos RANA",
    "description": "Kit Fusilli Quesos Italianos 371 Gr",
    "category": "De pasta y arroz",
    "url": "https://tienda.consum.es/es/p/kit-fusilli-quesos-italianos/7355832",
    "price": 4.99,
    "reference_price": 13.45,
    "iva": 10,
    "reference_unit": "1 Kg",
    "date": "2023-01-17"
  },
  {
    "id": 24121,
    "name": "Kit Tagliatelle Carbonara RANA",
    "description": "Kit Tagliatelle Carbonara 408 Gr",
    "category": "De pasta y arroz",
    "url": "https://tienda.consum.es/es/p/kit-tagliatelle-carbonara/7355840",
    "price": 4.99,
    "reference_price": 12.23,
    "iva": 10,
    "reference_unit": "1 Kg",
    "date": "2023-01-17"
  },
  {
    "id": 24132,
    "name": "Tortitas Multigrain MISSION",
    "description": "Tortitas Multigrain 370 Gr",
    "category": "Panes especiales",
    "url": "https://tienda.consum.es/es/p/tortitas-multigrain/7356202",
    "price": 2.49,
    "reference_price": 6.73,
    "iva": 10,
    "reference_unit": "1 Kg",
    "date": "2023-01-17"
  },
  {
    "id": 24138,
    "name": "Labial Caramels 111 L'OREAL",
    "description": "Labial Caramels 111 1 U",
    "category": "Labiales",
    "url": "https://tienda.consum.es/es/p/labial-caramels-111/7349921",
    "price": 10.9,
    "reference_price": 10.9,
    "iva": 21,
    "reference_unit": "1 U",
    "date": "2023-01-17"
  },
  {
    "id": 24146,
    "name": "Paninis congelados 4 Quesos DR.OETKER",
    "description": "Paninis congelados 4 Quesos 250 Gr",
    "category": "Pizza congelada",
    "url": "https://tienda.consum.es/es/p/paninis-congelados-4-quesos/7353881",
    "price": 3.45,
    "reference_price": 13.8,
    "iva": 10,
    "reference_unit": "1 Kg",
    "date": "2023-01-17"
  },
  {
    "id": 24147,
    "name": "Colonia Blue Man NIKE",
    "description": "Colonia Blue Man 100 ml",
    "category": "Masculinas",
    "url": "https://tienda.consum.es/es/p/colonia-blue-man/7354251",
    "price": 9.99,
    "reference_price": 9.99,
    "iva": 21,
    "reference_unit": "100 ml",
    "date": "2023-01-17"
  },
  {
    "id": 24151,
    "name": "Gasificante para Bollería EL TIGRE",
    "description": "Gasificante para Bollería 39 Gr",
    "category": "Harinas y levaduras",
    "url": "https://tienda.consum.es/es/p/gasificante-para-bolleria/7354942",
    "price": 0.85,
    "reference_price": 2.18,
    "iva": 10,
    "reference_unit": "100 Gr",
    "date": "2023-01-17"
  },
  {
    "id": 24160,
    "name": "Batido de Chocolate Zero Minibrik Pack de 6 PULEVA",
    "description": "Batido de Chocolate Zero Minibrik Pack de 6 6 x 200 ml",
    "category": "Batidos y cafés",
    "url": "https://tienda.consum.es/es/p/batido-de-chocolate-zero-minibrik-pack-de-6/7355873",
    "price": 2.59,
    "reference_price": 2.16,
    "iva": 10,
    "reference_unit": "1 L",
    "date": "2023-01-17"
  },
  {
    "id": 24166,
    "name": "P. Hamburguesa Brioche con Mantequilla 4 Und. ",
    "description": "P. Hamburguesa Brioche con Mantequilla 4 Und. 300 Gr",
    "category": "Pan hamburguesas y perritos",
    "url": "https://tienda.consum.es/es/p/p-hamburguesa-brioche-con-mantequilla-4-und/7356173",
    "price": 1.99,
    "reference_price": 6.63,
    "iva": 10,
    "reference_unit": "1 Kg",
    "date": "2023-01-17"
  },
  {
    "id": 24167,
    "name": "Caramelo Líquido MOLINO REAL",
    "description": "Caramelo Líquido 300 Gr",
    "category": "Repostería para preparar",
    "url": "https://tienda.consum.es/es/p/caramelo-liquido/7356178",
    "price": 1.59,
    "reference_price": 5.3,
    "iva": 10,
    "reference_unit": "1 Kg",
    "date": "2023-01-17"
  },
  {
    "id": 24179,
    "name": "Fideos Chocolate VAHINE",
    "description": "Fideos Chocolate 71 Gr",
    "category": "Repostería para preparar",
    "url": "https://tienda.consum.es/es/p/fideos-chocolate/7356483",
    "price": 1.95,
    "reference_price": 27.46,
    "iva": 10,
    "reference_unit": "1 Kg",
    "date": "2023-01-17"
  },
  {
    "id": 24183,
    "name": "Rodaballo ",
    "description": "Rodaballo - Pieza 1,8 kg aprox.",
    "category": "Pescado blanco",
    "url": "https://tienda.consum.es/es/p/rodaballo/7324895",
    "price": 26.91,
    "reference_price": 14.8,
    "iva": 10,
    "reference_unit": "1 Kg",
    "date": "2023-01-17"
  },
  {
    "id": 24186,
    "name": "Ambientador Frutos del Bosque Pistola CONSUM",
    "description": "Ambientador Frutos del Bosque Pistola 250 ml",
    "category": "Aerosol spray o pistola",
    "url": "https://tienda.consum.es/es/p/ambientador-frutos-del-bosque-pistola/7342470",
    "price": 2.19,
    "reference_price": 0.88,
    "iva": 21,
    "reference_unit": "100 ml",
    "date": "2023-01-17"
  },
  {
    "id": 24187,
    "name": "Ambientador Jardín Zen Pistola CONSUM",
    "description": "Ambientador Jardín Zen Pistola 250 ml",
    "category": "Aerosol spray o pistola",
    "url": "https://tienda.consum.es/es/p/ambientador-jardin-zen-pistola/7342475",
    "price": 2.19,
    "reference_price": 0.88,
    "iva": 21,
    "reference_unit": "100 ml",
    "date": "2023-01-17"
  },
  {
    "id": 24188,
    "name": "Ambientador Tropical Pistola CONSUM",
    "description": "Ambientador Tropical Pistola 250 ml",
    "category": "Aerosol spray o pistola",
    "url": "https://tienda.consum.es/es/p/ambientador-tropical-pistola/7342483",
    "price": 2.19,
    "reference_price": 0.88,
    "iva": 21,
    "reference_unit": "100 ml",
    "date": "2023-01-17"
  },
  {
    "id": 24194,
    "name": "Labial 105 Caramels L'OREAL",
    "description": "Labial 105 Caramels 1 U",
    "category": "Labiales",
    "url": "https://tienda.consum.es/es/p/labial-105-caramels/7349793",
    "price": 10.9,
    "reference_price": 10.9,
    "iva": 21,
    "reference_unit": "1 U",
    "date": "2023-01-17"
  },
  {
    "id": 24195,
    "name": "Labial 102 Caramels L'OREAL",
    "description": "Labial 102 Caramels 1 U",
    "category": "Labiales",
    "url": "https://tienda.consum.es/es/p/labial-102-caramels/7349798",
    "price": 10.9,
    "reference_price": 10.9,
    "iva": 21,
    "reference_unit": "1 U",
    "date": "2023-01-17"
  },
  {
    "id": 24196,
    "name": "Labial 110 Caramels L'OREAL",
    "description": "Labial 110 Caramels 1 U",
    "category": "Labiales",
    "url": "https://tienda.consum.es/es/p/labial-110-caramels/7349801",
    "price": 10.9,
    "reference_price": 10.9,
    "iva": 21,
    "reference_unit": "1 U",
    "date": "2023-01-17"
  },
  {
    "id": 24197,
    "name": "Crema Día Lift+Botology Antiedad Antiarrugas DIADERMINE",
    "description": "Crema Día Lift+Botology Antiedad Antiarrugas 50 ml",
    "category": "Hidratación",
    "url": "https://tienda.consum.es/es/p/crema-dia-liftbotology-antiedad-antiarrugas/7350820",
    "price": 9.99,
    "reference_price": 19.98,
    "iva": 21,
    "reference_unit": "100 ml",
    "date": "2023-01-17"
  },
  {
    "id": 24198,
    "name": "Contorno Ojos Botology Reducción Ojera y Bolsa DIADERMINE",
    "description": "Contorno Ojos Botology Reducción Ojera y Bolsa 15 ml",
    "category": "Hidratación",
    "url": "https://tienda.consum.es/es/p/contorno-ojos-botology-reduccion-ojera-y-bolsa/7350825",
    "price": 9.99,
    "reference_price": 66.6,
    "iva": 21,
    "reference_unit": "100 ml",
    "date": "2023-01-17"
  },
  {
    "id": 24200,
    "name": "Tinte Oleo Intense 3.10 Castaño SYOSS",
    "description": "Tinte Oleo Intense 3.10 Castaño 1 U",
    "category": "Coloración",
    "url": "https://tienda.consum.es/es/p/tinte-oleo-intense-310-castano/7353894",
    "price": 6.25,
    "reference_price": 6.25,
    "iva": 21,
    "reference_unit": "1 U",
    "date": "2023-01-17"
  },
  {
    "id": 24201,
    "name": "Tinte Oleo Intense 10.50 Rubio Claro Ceniza SYOSS",
    "description": "Tinte Oleo Intense 10.50 Rubio Claro Ceniza 1 U",
    "category": "Coloración",
    "url": "https://tienda.consum.es/es/p/tinte-oleo-intense-1050-rubio-claro-ceniza/7353931",
    "price": 6.25,
    "reference_price": 6.25,
    "iva": 21,
    "reference_unit": "1 U",
    "date": "2023-01-17"
  },
  {
    "id": 24203,
    "name": "Cebolla Crujiente sin Gluten ESGIR",
    "description": "Cebolla Crujiente sin Gluten 100 Gr",
    "category": "Conservas, aceites y condimentos",
    "url": "https://tienda.consum.es/es/p/cebolla-crujiente-sin-gluten/7355295",
    "price": 1.69,
    "reference_price": 16.9,
    "iva": 10,
    "reference_unit": "1 Kg",
    "date": "2023-01-17"
  },
  {
    "id": 24205,
    "name": "Barquillo Sabor Vainilla sin Azúcares GULLON ZERO",
    "description": "Barquillo Sabor Vainilla sin Azúcares 180 Gr",
    "category": "Wafer y barquillos",
    "url": "https://tienda.consum.es/es/p/barquillo-sabor-vainilla-sin-azucares/7356038",
    "price": 2.05,
    "reference_price": 11.39,
    "iva": 10,
    "reference_unit": "1 Kg",
    "date": "2023-01-17"
  },
  {
    "id": 24206,
    "name": "Barquillo Chocolate sin Azúcares GULLON ZERO",
    "description": "Barquillo Chocolate sin Azúcares 180 Gr",
    "category": "Wafer y barquillos",
    "url": "https://tienda.consum.es/es/p/barquillo-chocolate-sin-azucares/7356066",
    "price": 2.05,
    "reference_price": 11.39,
    "iva": 10,
    "reference_unit": "1 Kg",
    "date": "2023-01-17"
  },
  {
    "id": 24211,
    "name": "Dentífrico Sensation White COLGATE",
    "description": "Dentífrico Sensation White 75 ml",
    "category": "Dentífricos",
    "url": "https://tienda.consum.es/es/p/dentifrico-sensation-white/7356363",
    "price": 2.6,
    "reference_price": 3.47,
    "iva": 21,
    "reference_unit": "100 ml",
    "date": "2023-01-17"
  },
  {
    "id": 24212,
    "name": "Tequila Blanco 38",
    "description": "Tequila Blanco 0,7 L",
    "category": "Licores y vermouth",
    "url": "https://tienda.consum.es/es/p/tequila-blanco/7356475",
    "price": 9.5,
    "reference_price": 13.57,
    "iva": 21,
    "reference_unit": "1 L",
    "date": "2023-01-17"
  },
  {
    "id": 24217,
    "name": "Cuajada Casera MOLINO REAL",
    "description": "Cuajada Casera 48 Gr",
    "category": "Repostería para preparar",
    "url": "https://tienda.consum.es/es/p/cuajada-casera/7356736",
    "price": 1.15,
    "reference_price": 2.4,
    "iva": 10,
    "reference_unit": "100 Gr",
    "date": "2023-01-17"
  },
  {
    "id": 24218,
    "name": "Amoniaco Muy Fuerte con Detergente JOSMI",
    "description": "Amoniaco Muy Fuerte con Detergente 0,75 L",
    "category": "Lejías y amoniacos",
    "url": "https://tienda.consum.es/es/p/amoniaco-muy-fuerte-con-detergente/7356780",
    "price": 1.3,
    "reference_price": 1.73,
    "iva": 21,
    "reference_unit": "1 L",
    "date": "2023-01-17"
  },
  {
    "id": 24219,
    "name": "Whisky Escoces 3 Años BOWL.GREEN",
    "description": "Whisky Escoces 3 Años 0,7 L",
    "category": "Licores y vermouth",
    "url": "https://tienda.consum.es/es/p/whisky-escoces-3-anos/7356876",
    "price": 7.29,
    "reference_price": 10.41,
    "iva": 21,
    "reference_unit": "1 L",
    "date": "2023-01-17"
  },
  {
    "id": 24221,
    "name": "Bolas de Cereal 3 Chocolates CASA RICARDO",
    "description": "Bolas de Cereal 3 Chocolates 200 Gr",
    "category": "Chocolatinas y bombones",
    "url": "https://tienda.consum.es/es/p/bolas-de-cereal-3-chocolates/7357072",
    "price": 1.85,
    "reference_price": 9.25,
    "iva": 10,
    "reference_unit": "1 Kg",
    "date": "2023-01-17"
  },
  {
    "id": 24225,
    "name": "Astillas de Olivo LEGUA",
    "description": "Astillas de Olivo 1 U",
    "category": "Barbacoa, piscina y playa",
    "url": "https://tienda.consum.es/es/p/astillas-de-olivo/7357163",
    "price": 4.49,
    "reference_price": 1.5,
    "iva": 21,
    "reference_unit": "1 Kg",
    "date": "2023-01-17"
  },
  {
    "id": 24226,
    "name": "Limpiahogar Antical en Spray VIAKAL",
    "description": "Limpiahogar Antical en Spray 0,7 L",
    "category": "Antical",
    "url": "https://tienda.consum.es/es/p/limpiahogar-antical-en-spray/7357296",
    "price": 4.49,
    "reference_price": 6.41,
    "iva": 21,
    "reference_unit": "1 L",
    "date": "2023-01-17"
  },
  {
    "id": 24281,
    "name": "Té English Breakfast 25 Bolsitas TWININGS",
    "description": "Té English Breakfast 25 Bolsitas 82 Gr",
    "category": "Té",
    "url": "https://tienda.consum.es/es/p/te-english-breakfast-25-bolsitas/7245256",
    "price": 4.35,
    "reference_price": 53.05,
    "iva": 10,
    "reference_unit": "1 Kg",
    "date": "2023-01-17"
  },
  {
    "id": 24339,
    "name": "Pocket Gato Salmón VITALITY",
    "description": "Pocket Gato Salmón 60 Gr",
    "category": "Snacks",
    "url": "https://tienda.consum.es/es/p/pocket-gato-salmon/7335284",
    "price": 0.99,
    "reference_price": 16.5,
    "iva": 10,
    "reference_unit": "1 Kg",
    "date": "2023-01-17"
  },
  {
    "id": 24340,
    "name": "Pocket Gato Pollo VITALITY",
    "description": "Pocket Gato Pollo 60 Gr",
    "category": "Snacks",
    "url": "https://tienda.consum.es/es/p/pocket-gato-pollo/7335292",
    "price": 0.99,
    "reference_price": 16.5,
    "iva": 10,
    "reference_unit": "1 Kg",
    "date": "2023-01-17"
  },
  {
    "id": 24356,
    "name": "Chupete Silicona 18-36M Fisiológico Soft Touch TIGEX",
    "description": "Chupete Silicona 18-36M Fisiológico Soft Touch 2 U",
    "category": "Puericultura",
    "url": "https://tienda.consum.es/es/p/chupete-silicona-18-36m-fisiologico-soft-touch/7355105",
    "price": 4.19,
    "reference_price": 2.1,
    "iva": 21,
    "reference_unit": "1 U",
    "date": "2023-01-17"
  },
  {
    "id": 24375,
    "name": "Dentífrico Max Fresh COLGATE",
    "description": "Dentífrico Max Fresh 75 ml",
    "category": "Dentífricos",
    "url": "https://tienda.consum.es/es/p/dentifrico-max-fresh/7356368",
    "price": 2.6,
    "reference_price": 3.47,
    "iva": 21,
    "reference_unit": "100 ml",
    "date": "2023-01-17"
  },
  {
    "id": 24376,
    "name": "Vino Blanco D.O.Valencia EL MIRACLE",
    "description": "Vino Blanco D.O.Valencia 0,75 L",
    "category": "Vinos d.o",
    "url": "https://tienda.consum.es/es/p/vino-blanco-dovalencia/7356371",
    "price": 6.49,
    "reference_price": 8.65,
    "iva": 21,
    "reference_unit": "1 L",
    "date": "2023-01-17"
  },
  {
    "id": 24377,
    "name": "Vino Rosado D.O.Valencia EL MIRACLE",
    "description": "Vino Rosado D.O.Valencia 0,75 L",
    "category": "Vinos d.o",
    "url": "https://tienda.consum.es/es/p/vino-rosado-dovalencia/7356397",
    "price": 6.49,
    "reference_price": 8.65,
    "iva": 21,
    "reference_unit": "1 L",
    "date": "2023-01-17"
  },
  {
    "id": 24378,
    "name": "Champú Full Resist ELVIVE",
    "description": "Champú Full Resist 370 ml",
    "category": "Champú",
    "url": "https://tienda.consum.es/es/p/champu-full-resist/7356553",
    "price": 3.89,
    "reference_price": 1.05,
    "iva": 21,
    "reference_unit": "100 ml",
    "date": "2023-01-17"
  },
  {
    "id": 24379,
    "name": "Burger Ibérica EL POZO",
    "description": "Burger Ibérica 240 Gr",
    "category": "Picadas y hamburguesas",
    "url": "https://tienda.consum.es/es/p/burger-iberica/7356624",
    "price": 2.6,
    "reference_price": 10.83,
    "iva": 10,
    "reference_unit": "1 Kg",
    "date": "2023-01-17"
  },
  {
    "id": 24381,
    "name": "Burger Mixta Barbacoa EL POZO",
    "description": "Burger Mixta Barbacoa 240 Gr",
    "category": "Picadas y hamburguesas",
    "url": "https://tienda.consum.es/es/p/burger-mixta-barbacoa/7356665",
    "price": 2.6,
    "reference_price": 10.83,
    "iva": 10,
    "reference_unit": "1 Kg",
    "date": "2023-01-17"
  },
  {
    "id": 24388,
    "name": "Vegesada Untable Vegetariano DELITUSS",
    "description": "Vegesada Untable Vegetariano 150 Gr",
    "category": "Sobrasada",
    "url": "https://tienda.consum.es/es/p/vegesada-untable-vegetariano/7357114",
    "price": 2.35,
    "reference_price": 15.67,
    "iva": 10,
    "reference_unit": "1 Kg",
    "date": "2023-01-17"
  },
  {
    "id": 24389,
    "name": "Mascarilla Full Resist ELVIVE",
    "description": "Mascarilla Full Resist 680 ml",
    "category": "Mascarillas cabello",
    "url": "https://tienda.consum.es/es/p/mascarilla-full-resist/7357168",
    "price": 9.99,
    "reference_price": 1.47,
    "iva": 21,
    "reference_unit": "100 ml",
    "date": "2023-01-17"
  },
  {
    "id": 24415,
    "name": "Refresco Limón Cero sin Gas Botella CONSUM",
    "description": "Refresco Limón Cero sin Gas Botella 1,5 L",
    "category": "Refrescos sin gas",
    "url": "https://tienda.consum.es/es/p/refresco-limon-cero-sin-gas-botella/7338499",
    "price": 0.98,
    "reference_price": 0.65,
    "iva": 21,
    "reference_unit": "1 L",
    "date": "2023-01-17"
  },
  {
    "id": 24416,
    "name": "Limpiador Placas de Inducción CONSUM",
    "description": "Limpiador Placas de Inducción 0,5 L",
    "category": "Limpieza cocina",
    "url": "https://tienda.consum.es/es/p/limpiador-placas-de-induccion/7351208",
    "price": 1.8,
    "reference_price": 3.6,
    "iva": 21,
    "reference_unit": "1 L",
    "date": "2023-01-17"
  },
  {
    "id": 24427,
    "name": "Cerveza Holandesa Lata Pack de 12 HEINEKEN",
    "description": "Cerveza Holandesa Lata Pack de 12 12 x 0,33 L",
    "category": "Importación lata",
    "url": "https://tienda.consum.es/es/p/cerveza-holandesa-lata-pack-de-12/7354756",
    "price": 8.28,
    "reference_price": 2.09,
    "iva": 21,
    "reference_unit": "1 L",
    "date": "2023-01-17"
  },
  {
    "id": 24431,
    "name": "Leche NESTLÉ JUNIOR Cereales NESTLE",
    "description": "Leche NESTLÉ JUNIOR Cereales 1 L",
    "category": "Leche crecimiento infantil",
    "url": "https://tienda.consum.es/es/p/leche-nestle-junior-cereales/7357127",
    "price": 1.75,
    "reference_price": 1.75,
    "iva": 10,
    "reference_unit": "1 L",
    "date": "2023-01-17"
  },
  {
    "id": 24438,
    "name": "Ositos de Oro HARIBO",
    "description": "Ositos de Oro 100 Gr",
    "category": "Chicles, caramelos y gominolas",
    "url": "https://tienda.consum.es/es/p/ositos-de-oro/7357879",
    "price": 1.09,
    "reference_price": 10.9,
    "iva": 10,
    "reference_unit": "1 Kg",
    "date": "2023-01-17"
  },
  {
    "id": 24439,
    "name": "Favoritos Azúcar HARIBO",
    "description": "Favoritos Azúcar 90 Gr",
    "category": "Chicles, caramelos y gominolas",
    "url": "https://tienda.consum.es/es/p/favoritos-azucar/7357882",
    "price": 1.09,
    "reference_price": 12.11,
    "iva": 10,
    "reference_unit": "1 Kg",
    "date": "2023-01-17"
  },
  {
    "id": 24440,
    "name": "Funky Mix HARIBO",
    "description": "Funky Mix 100 Gr",
    "category": "Chicles, caramelos y gominolas",
    "url": "https://tienda.consum.es/es/p/funky-mix/7357887",
    "price": 1.09,
    "reference_price": 10.9,
    "iva": 10,
    "reference_unit": "1 Kg",
    "date": "2023-01-17"
  },
  {
    "id": 24442,
    "name": "Favoritos Regaliz Red & White HARIBO",
    "description": "Favoritos Regaliz Red & White 90 Gr",
    "category": "Chicles, caramelos y gominolas",
    "url": "https://tienda.consum.es/es/p/favoritos-regaliz-red-white/7357895",
    "price": 1.09,
    "reference_price": 12.11,
    "iva": 10,
    "reference_unit": "1 Kg",
    "date": "2023-01-17"
  },
  {
    "id": 24446,
    "name": "Fresones HARIBO",
    "description": "Fresones 100 Gr",
    "category": "Chicles, caramelos y gominolas",
    "url": "https://tienda.consum.es/es/p/fresones/7357924",
    "price": 1.09,
    "reference_price": 10.9,
    "iva": 10,
    "reference_unit": "1 Kg",
    "date": "2023-01-17"
  },
  {
    "id": 24448,
    "name": "Moras HARIBO",
    "description": "Moras 100 Gr",
    "category": "Chicles, caramelos y gominolas",
    "url": "https://tienda.consum.es/es/p/moras/7357932",
    "price": 1.09,
    "reference_price": 10.9,
    "iva": 10,
    "reference_unit": "1 Kg",
    "date": "2023-01-17"
  },
  {
    "id": 24453,
    "name": "Rodajas de Sandía HARIBO",
    "description": "Rodajas de Sandía 90 Gr",
    "category": "Chicles, caramelos y gominolas",
    "url": "https://tienda.consum.es/es/p/rodajas-de-sandia/7357994",
    "price": 1.09,
    "reference_price": 12.11,
    "iva": 10,
    "reference_unit": "1 Kg",
    "date": "2023-01-17"
  },
  {
    "id": 24456,
    "name": "Tropifrutti HARIBO",
    "description": "Tropifrutti 100 Gr",
    "category": "Chicles, caramelos y gominolas",
    "url": "https://tienda.consum.es/es/p/tropifrutti/7358013",
    "price": 1.09,
    "reference_price": 10.9,
    "iva": 10,
    "reference_unit": "1 Kg",
    "date": "2023-01-17"
  },
  {
    "id": 24459,
    "name": "Favoritos Azúcar Tarrina HARIBO",
    "description": "Favoritos Azúcar Tarrina 500 Gr",
    "category": "Chicles, caramelos y gominolas",
    "url": "https://tienda.consum.es/es/p/favoritos-azucar-tarrina/7358039",
    "price": 3.99,
    "reference_price": 7.98,
    "iva": 10,
    "reference_unit": "1 Kg",
    "date": "2023-01-17"
  },
  {
    "id": 24466,
    "name": "Porta Alimentos 23x22x13,5 cm BERGNER",
    "description": "Porta Alimentos 23x22x13,5 cm 1 U",
    "category": "Conservación alimentos",
    "url": "https://tienda.consum.es/es/p/porta-alimentos-23x22x135-cm/7358240",
    "price": 21.5,
    "reference_price": 21.5,
    "iva": 21,
    "reference_unit": "1 U",
    "date": "2023-01-17"
  },
  {
    "id": 24468,
    "name": "Bolsa Almuerzo Neopreno Negra 30x30x17 cm BERGNER",
    "description": "Bolsa Almuerzo Neopreno Negra 30x30x17 cm 1 U",
    "category": "Conservación alimentos",
    "url": "https://tienda.consum.es/es/p/bolsa-almuerzo-neopreno-negra-30x30x17-cm/7358252",
    "price": 12.9,
    "reference_price": 12.9,
    "iva": 21,
    "reference_unit": "1 U",
    "date": "2023-01-17"
  },
  {
    "id": 24469,
    "name": "Grill Negro 24x24 cm Inducción Aluminio BERGNER",
    "description": "Grill Negro 24x24 cm Inducción Aluminio 1 U",
    "category": "Menaje cocina",
    "url": "https://tienda.consum.es/es/p/grill-negro-24x24-cm-induccion-aluminio/7358260",
    "price": 16.5,
    "reference_price": 16.5,
    "iva": 21,
    "reference_unit": "1 U",
    "date": "2023-01-17"
  },
  {
    "id": 24470,
    "name": "Snack Boom Tijuana Bolsa GREFUSA",
    "description": "Snack Boom Tijuana Bolsa 85 Gr",
    "category": "Snacks y otros aperitivos",
    "url": "https://tienda.consum.es/es/p/snack-boom-tijuana-bolsa/7358273",
    "price": 1.69,
    "reference_price": 19.88,
    "iva": 10,
    "reference_unit": "1 Kg",
    "date": "2023-01-17"
  },
  {
    "id": 24471,
    "name": "Snack Tiras Baconeras Bolsa GREFUSA",
    "description": "Snack Tiras Baconeras Bolsa 135 Gr",
    "category": "Snacks y otros aperitivos",
    "url": "https://tienda.consum.es/es/p/snack-tiras-baconeras-bolsa/7358278",
    "price": 1.69,
    "reference_price": 12.52,
    "iva": 10,
    "reference_unit": "1 Kg",
    "date": "2023-01-17"
  },
  {
    "id": 24472,
    "name": "Gelatina Neutra en Polvo 2 Sobres x 10 gr MOLINO REAL",
    "description": "Gelatina Neutra en Polvo 2 Sobres x 10 gr 20 Gr",
    "category": "Repostería para preparar",
    "url": "https://tienda.consum.es/es/p/gelatina-neutra-en-polvo-2-sobres-x-10-gr/7358281",
    "price": 1.59,
    "reference_price": 7.95,
    "iva": 10,
    "reference_unit": "100 Gr",
    "date": "2023-01-17"
  },
  {
    "id": 24482,
    "name": "Chocolate 70% Cacao con Naranja SUCHARD",
    "description": "Chocolate 70% Cacao con Naranja 100 Gr",
    "category": "Tabletas",
    "url": "https://tienda.consum.es/es/p/chocolate-70-cacao-con-naranja/7358588",
    "price": 2.55,
    "reference_price": 25.5,
    "iva": 10,
    "reference_unit": "1 Kg",
    "date": "2023-01-17"
  },
  {
    "id": 24483,
    "name": "Higiénico Húmedo Sensitive SCOTTEX",
    "description": "Higiénico Húmedo Sensitive 66 U",
    "category": "Papel higiénico",
    "url": "https://tienda.consum.es/es/p/higienico-humedo-sensitive/7358596",
    "price": 3.29,
    "reference_price": 0.05,
    "iva": 21,
    "reference_unit": "1 U",
    "date": "2023-01-17"
  },
  {
    "id": 24485,
    "name": "Bebida de Soja sin Azúcar Brik VIVESOY",
    "description": "Bebida de Soja sin Azúcar Brik 1 L",
    "category": "Bebidas vegetales",
    "url": "https://tienda.consum.es/es/p/bebida-de-soja-sin-azucar-brik/7358641",
    "price": 1.79,
    "reference_price": 1.79,
    "iva": 10,
    "reference_unit": "1 L",
    "date": "2023-01-17"
  },
  {
    "id": 24487,
    "name": "Salsa Ligera Nature Tarro Cristal LIGERESA",
    "description": "Salsa Ligera Nature Tarro Cristal 430 ml",
    "category": "Mayonesa",
    "url": "https://tienda.consum.es/es/p/salsa-ligera-nature-tarro-cristal/7358898",
    "price": 2.45,
    "reference_price": 5.7,
    "iva": 10,
    "reference_unit": "1 L",
    "date": "2023-01-17"
  },
  {
    "id": 24488,
    "name": "Salsa Hot Mexican Bocabajo HELLMANN'S",
    "description": "Salsa Hot Mexican Bocabajo 266 Gr",
    "category": "Otras salsas",
    "url": "https://tienda.consum.es/es/p/salsa-hot-mexican-bocabajo/7358914",
    "price": 1.85,
    "reference_price": 6.95,
    "iva": 10,
    "reference_unit": "1 Kg",
    "date": "2023-01-17"
  },
  {
    "id": 24492,
    "name": "Huevo Campero M Decena MONTERDE",
    "description": "Huevo Campero M Decena 0,83 Dc",
    "category": "Huevos",
    "url": "https://tienda.consum.es/es/p/huevo-campero-m-decena/7359040",
    "price": 2.24,
    "reference_price": 2.7,
    "iva": 0,
    "reference_unit": "1 Dc",
    "date": "2023-01-17"
  },
  {
    "id": 24493,
    "name": "Huevo Campero L Decena MONTERDE",
    "description": "Huevo Campero L Decena 0,83 Dc",
    "category": "Huevos",
    "url": "https://tienda.consum.es/es/p/huevo-campero-l-decena/7359052",
    "price": 3.03,
    "reference_price": 3.65,
    "iva": 0,
    "reference_unit": "1 Dc",
    "date": "2023-01-17"
  },
  {
    "id": 24497,
    "name": "Sobrasada Mallorca IGP Cerdo Negro EL ZAGAL",
    "description": "Sobrasada Mallorca IGP Cerdo Negro",
    "category": "Sobrasada",
    "url": "https://tienda.consum.es/es/p/sobrasada-mallorca-igp-cerdo-negro/7289036",
    "price": 24.5,
    "reference_price": 24.5,
    "iva": 10,
    "reference_unit": "1 Kg",
    "date": "2023-01-17"
  },
  {
    "id": 24500,
    "name": "Borrador Mágico CONSUM",
    "description": "Borrador Mágico 3 U",
    "category": "Estropajos",
    "url": "https://tienda.consum.es/es/p/borrador-magico/7332679",
    "price": 1.4,
    "reference_price": 0.47,
    "iva": 21,
    "reference_unit": "1 U",
    "date": "2023-01-17"
  },
  {
    "id": 24501,
    "name": "Recambio Ambientador Eléctrico Colonia CONSUM",
    "description": "Recambio Ambientador Eléctrico Colonia 1 U",
    "category": "Eléctricos y automáticos",
    "url": "https://tienda.consum.es/es/p/recambio-ambientador-electrico-colonia/7344448",
    "price": 1.7,
    "reference_price": 1.7,
    "iva": 21,
    "reference_unit": "1 U",
    "date": "2023-01-17"
  },
  {
    "id": 24502,
    "name": "Anacardos Crudos Bolsa CONSUM",
    "description": "Anacardos Crudos Bolsa 150 Gr",
    "category": "Otros frutos secos",
    "url": "https://tienda.consum.es/es/p/anacardos-crudos-bolsa/7347813",
    "price": 1.88,
    "reference_price": 12.53,
    "iva": 0,
    "reference_unit": "1 Kg",
    "date": "2023-01-17"
  },
  {
    "id": 24503,
    "name": "Pinza Pequeña PONETTE",
    "description": "Pinza Pequeña 4 U",
    "category": "Peines y accesorios",
    "url": "https://tienda.consum.es/es/p/pinza-pequena/7351018",
    "price": 1.79,
    "reference_price": 0.45,
    "iva": 21,
    "reference_unit": "1 U",
    "date": "2023-01-17"
  },
  {
    "id": 24504,
    "name": "Pinza Mediana PONETTE",
    "description": "Pinza Mediana 2 U",
    "category": "Peines y accesorios",
    "url": "https://tienda.consum.es/es/p/pinza-mediana/7351021",
    "price": 1.99,
    "reference_price": 1,
    "iva": 21,
    "reference_unit": "1 U",
    "date": "2023-01-17"
  },
  {
    "id": 24505,
    "name": "Limpia Duchas Brillo Duradero CONSUM",
    "description": "Limpia Duchas Brillo Duradero 1 L",
    "category": "Antical",
    "url": "https://tienda.consum.es/es/p/limpia-duchas-brillo-duradero/7351216",
    "price": 1.7,
    "reference_price": 1.7,
    "iva": 21,
    "reference_unit": "1 L",
    "date": "2023-01-17"
  },
  {
    "id": 24529,
    "name": "Gel Aloe Vera DOVE",
    "description": "Gel Aloe Vera 750 ml",
    "category": "Gel de baño",
    "url": "https://tienda.consum.es/es/p/gel-aloe-vera/7358393",
    "price": 4.59,
    "reference_price": 0.61,
    "iva": 21,
    "reference_unit": "100 ml",
    "date": "2023-01-17"
  },
  {
    "id": 24530,
    "name": "Algodón de Azúcar DEKORA",
    "description": "Algodón de Azúcar 30 Gr",
    "category": "Chicles, caramelos y gominolas",
    "url": "https://tienda.consum.es/es/p/algodon-de-azucar/7358542",
    "price": 1.15,
    "reference_price": 3.83,
    "iva": 10,
    "reference_unit": "100 Gr",
    "date": "2023-01-17"
  },
  {
    "id": 24531,
    "name": "Vodka White Botella Pet ROSEE",
    "description": "Vodka White Botella Pet 0,7 L",
    "category": "Licores y vermouth",
    "url": "https://tienda.consum.es/es/p/vodka-white-botella-pet/7358732",
    "price": 9.99,
    "reference_price": 14.27,
    "iva": 21,
    "reference_unit": "1 L",
    "date": "2023-01-17"
  },
  {
    "id": 24532,
    "name": "Gin Strawberry Botella Pet ROSEE",
    "description": "Gin Strawberry Botella Pet 0,7 L",
    "category": "Licores y vermouth",
    "url": "https://tienda.consum.es/es/p/gin-strawberry-botella-pet/7358745",
    "price": 9.99,
    "reference_price": 14.27,
    "iva": 21,
    "reference_unit": "1 L",
    "date": "2023-01-17"
  },
  {
    "id": 24534,
    "name": "Salsa Arrabbiata Frasco BARILLA",
    "description": "Salsa Arrabbiata Frasco 400 Gr",
    "category": "Otras salsas",
    "url": "https://tienda.consum.es/es/p/salsa-arrabbiata-frasco/7358971",
    "price": 2.99,
    "reference_price": 7.48,
    "iva": 10,
    "reference_unit": "1 Kg",
    "date": "2023-01-17"
  },
  {
    "id": 24537,
    "name": "Patata Delicatessen Bolsa ARGENTE",
    "description": "Patata Delicatessen Bolsa 120 Gr",
    "category": "Patatas fritas",
    "url": "https://tienda.consum.es/es/p/patata-delicatessen-bolsa/7359060",
    "price": 1.19,
    "reference_price": 9.92,
    "iva": 10,
    "reference_unit": "1 Kg",
    "date": "2023-01-17"
  },
  {
    "id": 24548,
    "name": "Crema Quitamanchas DETERSOLIN",
    "description": "Crema Quitamanchas 0,5 Kg",
    "category": "Aditivos y complementos",
    "url": "https://tienda.consum.es/es/p/crema-quitamanchas/7359201",
    "price": 2.9,
    "reference_price": 5.8,
    "iva": 21,
    "reference_unit": "1 Kg",
    "date": "2023-01-17"
  },
  {
    "id": 24550,
    "name": "Coca Casera con Nueces ",
    "description": "Coca Casera con Nueces 400 Gr",
    "category": "Cocas y bizcochos",
    "url": "https://tienda.consum.es/es/p/coca-casera-con-nueces/7359305",
    "price": 3.19,
    "reference_price": 7.98,
    "iva": 10,
    "reference_unit": "1 Kg",
    "date": "2023-01-17"
  },
  {
    "id": 24552,
    "name": "Bebida Isotónica Naranja Zero Lata AQUARIUS",
    "description": "Bebida Isotónica Naranja Zero Lata 0,33 L",
    "category": "Isotónicas lata",
    "url": "https://tienda.consum.es/es/p/bebida-isotonica-naranja-zero-lata/7359367",
    "price": 0.73,
    "reference_price": 2.21,
    "iva": 21,
    "reference_unit": "1 L",
    "date": "2023-01-17"
  },
  {
    "id": 24553,
    "name": "Crema de Queso Cheddar PRESIDENT",
    "description": "Crema de Queso Cheddar 125 Gr",
    "category": "Quesos Para untar",
    "url": "https://tienda.consum.es/es/p/crema-de-queso-cheddar/7359466",
    "price": 2.02,
    "reference_price": 16.16,
    "iva": 0,
    "reference_unit": "1 Kg",
    "date": "2023-01-17"
  },
  {
    "id": 24554,
    "name": "Morcilla Achorizada Ibérica CARCHELEJO",
    "description": "Morcilla Achorizada Ibérica",
    "category": "Chorizo",
    "url": "https://tienda.consum.es/es/p/morcilla-achorizada-iberica/2777175",
    "price": 2.86,
    "reference_price": 11.9,
    "iva": 10,
    "reference_unit": "1 Kg",
    "date": "2023-01-17"
  },
  {
    "id": 24556,
    "name": "Paleta Cebo de Campo 50% Ibérico 12 Meses MONTARAZ",
    "description": "Paleta Cebo de Campo 50% Ibérico 12 Meses",
    "category": "Ibéricos",
    "url": "https://tienda.consum.es/es/p/paleta-cebo-de-campo-50-iberico-12-meses/7002777",
    "price": 43.9,
    "reference_price": 43.9,
    "iva": 10,
    "reference_unit": "1 Kg",
    "date": "2023-01-17"
  },
  {
    "id": 24558,
    "name": "Jamón Bellota 100% Ibérico 36 Meses MONTARAZ",
    "description": "Jamón Bellota 100% Ibérico 36 Meses",
    "category": "Jamón",
    "url": "https://tienda.consum.es/es/p/jamon-bellota-100-iberico-36-meses/7057818",
    "price": 105.5,
    "reference_price": 105.5,
    "iva": 10,
    "reference_unit": "1 Kg",
    "date": "2023-01-17"
  },
  {
    "id": 24587,
    "name": "Spray Limpiagafas 30 ml CONSUM",
    "description": "Spray Limpiagafas 30 ml 1 U",
    "category": "Accesorios y utensilios limpieza",
    "url": "https://tienda.consum.es/es/p/spray-limpiagafas-30-ml/7331325",
    "price": 2.25,
    "reference_price": 2.25,
    "iva": 21,
    "reference_unit": "1 U",
    "date": "2023-01-17"
  },
  {
    "id": 24593,
    "name": "Yogur Sabor Fresa sin Lactosa P-4 unidades CONSUM",
    "description": "Yogur Sabor Fresa sin Lactosa P-4 unidades 4 x 125 Gr",
    "category": "Yogures especial salud",
    "url": "https://tienda.consum.es/es/p/yogur-sabor-fresa-sin-lactosa-p-4-unidades/7337876",
    "price": 1.69,
    "reference_price": 3.38,
    "iva": 10,
    "reference_unit": "1 Kg",
    "date": "2023-01-17"
  },
  {
    "id": 24600,
    "name": "Caramelo Toffee CONSUM",
    "description": "Caramelo Toffee 150 Gr",
    "category": "Chicles, caramelos y gominolas",
    "url": "https://tienda.consum.es/es/p/caramelo-toffee/7342314",
    "price": 0.99,
    "reference_price": 6.6,
    "iva": 10,
    "reference_unit": "1 Kg",
    "date": "2023-01-17"
  },
  {
    "id": 24609,
    "name": "Limpia Muebles con Aceites Nutrientes CONSUM",
    "description": "Limpia Muebles con Aceites Nutrientes 0,5 L",
    "category": "Limpieza hogar",
    "url": "https://tienda.consum.es/es/p/limpia-muebles-con-aceites-nutrientes/7351229",
    "price": 3.75,
    "reference_price": 7.5,
    "iva": 21,
    "reference_unit": "1 L",
    "date": "2023-01-17"
  },
  {
    "id": 24631,
    "name": "Enjuague Bucal Dientes y Encías LISTERINE",
    "description": "Enjuague Bucal Dientes y Encías 500 ml",
    "category": "Higiene bucal",
    "url": "https://tienda.consum.es/es/p/enjuague-bucal-dientes-y-encias/7356301",
    "price": 5.95,
    "reference_price": 1.19,
    "iva": 21,
    "reference_unit": "100 ml",
    "date": "2023-01-17"
  },
  {
    "id": 24633,
    "name": "Taquitos Jamón Curado BOADAS",
    "description": "Taquitos Jamón Curado 2 x 60 Gr",
    "category": "Jamón",
    "url": "https://tienda.consum.es/es/p/taquitos-jamon-curado/7356777",
    "price": 2,
    "reference_price": 16.67,
    "iva": 10,
    "reference_unit": "1 Kg",
    "date": "2023-01-17"
  },
  {
    "id": 24636,
    "name": "Yogolino Natillas Galleta NESTLE",
    "description": "Yogolino Natillas Galleta Pack de 4 x 100 Gr",
    "category": "Alimentación infantil",
    "url": "https://tienda.consum.es/es/p/yogolino-natillas-galleta/7357130",
    "price": 2.9,
    "reference_price": 7.25,
    "iva": 10,
    "reference_unit": "1 Kg",
    "date": "2023-01-17"
  },
  {
    "id": 24638,
    "name": "Crackers Fibra y Sésamo Harina Integral Centeno MASTRIGO",
    "description": "Crackers Fibra y Sésamo Harina Integral Centeno 240 Gr",
    "category": "Tostadas y minibiscotes",
    "url": "https://tienda.consum.es/es/p/crackers-fibra-y-sesamo-harina-integral-centeno/7357221",
    "price": 1.25,
    "reference_price": 5.21,
    "iva": 10,
    "reference_unit": "1 Kg",
    "date": "2023-01-17"
  },
  {
    "id": 24639,
    "name": "Vino Tinto D.O.Rioja MARQ.CONCORD",
    "description": "Vino Tinto D.O.Rioja 0,75 L",
    "category": "Vinos d.o",
    "url": "https://tienda.consum.es/es/p/vino-tinto-dorioja/7357387",
    "price": 5.49,
    "reference_price": 7.32,
    "iva": 21,
    "reference_unit": "1 L",
    "date": "2023-01-17"
  },
  {
    "id": 24644,
    "name": "Botella Pulverizadora JUYPAL",
    "description": "Botella Pulverizadora 1 U",
    "category": "Otros utensilios de limpieza",
    "url": "https://tienda.consum.es/es/p/botella-pulverizadora/7358117",
    "price": 1.29,
    "reference_price": 1.29,
    "iva": 21,
    "reference_unit": "1 U",
    "date": "2023-01-17"
  },
  {
    "id": 24647,
    "name": "Bebida de Almendra sin Azúcar Brik VIVESOY",
    "description": "Bebida de Almendra sin Azúcar Brik 1 L",
    "category": "Bebidas vegetales",
    "url": "https://tienda.consum.es/es/p/bebida-de-almendra-sin-azucar-brik/7358653",
    "price": 1.99,
    "reference_price": 1.99,
    "iva": 10,
    "reference_unit": "1 L",
    "date": "2023-01-17"
  },
  {
    "id": 24652,
    "name": "Crema Depilatoria Ducha Men VEET",
    "description": "Crema Depilatoria Ducha Men 150 ml",
    "category": "Crema, gel y spray",
    "url": "https://tienda.consum.es/es/p/crema-depilatoria-ducha-men/7359144",
    "price": 5.76,
    "reference_price": 3.84,
    "iva": 21,
    "reference_unit": "100 ml",
    "date": "2023-01-17"
  },
  {
    "id": 24654,
    "name": "Aceite de Coco Oil&Go Hidratante NAT.HONEY",
    "description": "Aceite de Coco Oil&Go Hidratante 300 ml",
    "category": "Body-lociones",
    "url": "https://tienda.consum.es/es/p/aceite-de-coco-oilgo-hidratante/7359164",
    "price": 3.39,
    "reference_price": 1.13,
    "iva": 21,
    "reference_unit": "100 ml",
    "date": "2023-01-17"
  },
  {
    "id": 24660,
    "name": "Alcohol de Quemar Perfumado JOSMI",
    "description": "Alcohol de Quemar Perfumado 1 L",
    "category": "Otros limpiadores específicos",
    "url": "https://tienda.consum.es/es/p/alcohol-de-quemar-perfumado/7359326",
    "price": 1.99,
    "reference_price": 1.99,
    "iva": 21,
    "reference_unit": "1 L",
    "date": "2023-01-17"
  },
  {
    "id": 24661,
    "name": "Mascarilla Higiénica Desechable ",
    "description": "Mascarilla Higiénica Desechable 5 U",
    "category": "Cuidado personal",
    "url": "https://tienda.consum.es/es/p/mascarilla-higienica-desechable/7359334",
    "price": 0.99,
    "reference_price": 0.2,
    "iva": 21,
    "reference_unit": "1 U",
    "date": "2023-01-17"
  },
  {
    "id": 24664,
    "name": "Kéfir Natural NESTLE",
    "description": "Kéfir Natural 150 Gr",
    "category": "Yogures especial salud",
    "url": "https://tienda.consum.es/es/p/kefir-natural/7359412",
    "price": 1.29,
    "reference_price": 8.6,
    "iva": 10,
    "reference_unit": "1 Kg",
    "date": "2023-01-17"
  },
  {
    "id": 24666,
    "name": "Kéfir Desnatado 0% Leche de Vaca PASTORET",
    "description": "Kéfir Desnatado 0% Leche de Vaca 500 Gr",
    "category": "Yogures especial salud",
    "url": "https://tienda.consum.es/es/p/kefir-desnatado-0-leche-de-vaca/7359425",
    "price": 2.45,
    "reference_price": 4.9,
    "iva": 10,
    "reference_unit": "1 Kg",
    "date": "2023-01-17"
  },
  {
    "id": 24672,
    "name": "Batido de Cacao Energy Botella COLA CAO",
    "description": "Batido de Cacao Energy Botella 750 ml",
    "category": "Batidos y cafés",
    "url": "https://tienda.consum.es/es/p/batido-de-cacao-energy-botella/7359834",
    "price": 1.99,
    "reference_price": 2.65,
    "iva": 10,
    "reference_unit": "1 L",
    "date": "2023-01-17"
  },
  {
    "id": 24673,
    "name": "Batido de Cacao Energy Minibrick Pack de 3 COLA CAO",
    "description": "Batido de Cacao Energy Minibrick Pack de 3 3 x 200 ml",
    "category": "Batidos y cafés",
    "url": "https://tienda.consum.es/es/p/batido-de-cacao-energy-minibrick-pack-de-3/7359842",
    "price": 1.89,
    "reference_price": 3.15,
    "iva": 10,
    "reference_unit": "1 L",
    "date": "2023-01-17"
  },
  {
    "id": 24674,
    "name": "Papel Multiusos GREEN FLISS",
    "description": "Papel Multiusos 30 M",
    "category": "Bazar",
    "url": "https://tienda.consum.es/es/p/papel-multiusos/7359875",
    "price": 1.89,
    "reference_price": 0.06,
    "iva": 21,
    "reference_unit": "1 M",
    "date": "2023-01-17"
  },
  {
    "id": 24678,
    "name": "Infusión Arándanos con Hibisco 20 Bolsitas HORNIMANS",
    "description": "Infusión Arándanos con Hibisco 20 Bolsitas 20 U",
    "category": "Otras infusiones",
    "url": "https://tienda.consum.es/es/p/infusion-arandanos-con-hibisco-20-bolsitas/7359933",
    "price": 2.79,
    "reference_price": 0.14,
    "iva": 10,
    "reference_unit": "1 U",
    "date": "2023-01-17"
  },
  {
    "id": 24679,
    "name": "Comida Húmeda Perros Tarrina Pollo CESAR",
    "description": "Comida Húmeda Perros Tarrina Pollo 300 Gr",
    "category": "Húmedo",
    "url": "https://tienda.consum.es/es/p/comida-humeda-perros-tarrina-pollo/7359938",
    "price": 2.15,
    "reference_price": 7.17,
    "iva": 10,
    "reference_unit": "1 Kg",
    "date": "2023-01-17"
  },
  {
    "id": 24682,
    "name": "Infusión Maca y Jengibre 20 Bolsitas HORNIMANS",
    "description": "Infusión Maca y Jengibre 20 Bolsitas 20 U",
    "category": "Otras infusiones",
    "url": "https://tienda.consum.es/es/p/infusion-maca-y-jengibre-20-bolsitas/7359953",
    "price": 2.79,
    "reference_price": 0.14,
    "iva": 10,
    "reference_unit": "1 U",
    "date": "2023-01-17"
  },
  {
    "id": 24684,
    "name": "Pan Bao 6 Unidades ",
    "description": "Pan Bao 6 Unidades 240 Gr",
    "category": "Pan, churros y porras",
    "url": "https://tienda.consum.es/es/p/pan-bao-6-unidades/7359974",
    "price": 2.49,
    "reference_price": 10.38,
    "iva": 10,
    "reference_unit": "1 Kg",
    "date": "2023-01-17"
  },
  {
    "id": 24700,
    "name": "Sartén Aluminio Forjado Tttan-Rock 20 cm MONIX",
    "description": "Sartén Aluminio Forjado Tttan-Rock 20 cm 1 U",
    "category": "Menaje cocina",
    "url": "https://tienda.consum.es/es/p/sarten-aluminio-forjado-tttan-rock-20-cm/7360113",
    "price": 13.9,
    "reference_price": 13.9,
    "iva": 21,
    "reference_unit": "1 U",
    "date": "2023-01-17"
  },
  {
    "id": 24701,
    "name": "Sartén Aluminio Forjado Titan-Rock 24 cm MONIX",
    "description": "Sartén Aluminio Forjado Titan-Rock 24 cm 1 U",
    "category": "Menaje cocina",
    "url": "https://tienda.consum.es/es/p/sarten-aluminio-forjado-titan-rock-24-cm/7360121",
    "price": 17.9,
    "reference_price": 17.9,
    "iva": 21,
    "reference_unit": "1 U",
    "date": "2023-01-17"
  },
  {
    "id": 24702,
    "name": "Sartén Aluminio Forjado Titan-Rock 28 cm MONIX",
    "description": "Sartén Aluminio Forjado Titan-Rock 28 cm 1 U",
    "category": "Menaje cocina",
    "url": "https://tienda.consum.es/es/p/sarten-aluminio-forjado-titan-rock-28-cm/7360126",
    "price": 21.5,
    "reference_price": 21.5,
    "iva": 21,
    "reference_unit": "1 U",
    "date": "2023-01-17"
  },
  {
    "id": 24705,
    "name": "Tomate Cherokee Bandeja ",
    "description": "Tomate Cherokee Bandeja 750 Gr",
    "category": "Pepinos, tomates y pimientos",
    "url": "https://tienda.consum.es/es/p/tomate-cherokee-bandeja/7360576",
    "price": 3.36,
    "reference_price": 5.17,
    "iva": 0,
    "reference_unit": "1 Kg",
    "date": "2023-01-17"
  },
  {
    "id": 24707,
    "name": "Suavizante Frescor CONSUM",
    "description": "Suavizante Frescor 80 Lv",
    "category": "Suavizante",
    "url": "https://tienda.consum.es/es/p/suavizante-frescor/7330368",
    "price": 1.99,
    "reference_price": 0.02,
    "iva": 21,
    "reference_unit": "1 Lv",
    "date": "2023-01-17"
  },
  {
    "id": 24708,
    "name": "Suavizante Rosa Mosqueta CONSUM",
    "description": "Suavizante Rosa Mosqueta 80 Lv",
    "category": "Suavizante",
    "url": "https://tienda.consum.es/es/p/suavizante-rosa-mosqueta/7335102",
    "price": 1.99,
    "reference_price": 0.02,
    "iva": 21,
    "reference_unit": "1 Lv",
    "date": "2023-01-17"
  },
  {
    "id": 24709,
    "name": "Bolsitas Perfumadas Aroma Ropa Limpia CONSUM",
    "description": "Bolsitas Perfumadas Aroma Ropa Limpia 3 U",
    "category": "Continuos y decorativos",
    "url": "https://tienda.consum.es/es/p/bolsitas-perfumadas-aroma-ropa-limpia/7339117",
    "price": 1.75,
    "reference_price": 0.58,
    "iva": 21,
    "reference_unit": "1 U",
    "date": "2023-01-17"
  },
  {
    "id": 24710,
    "name": "Bolsitas Perfumadas Aroma Floral CONSUM",
    "description": "Bolsitas Perfumadas Aroma Floral 3 U",
    "category": "Continuos y decorativos",
    "url": "https://tienda.consum.es/es/p/bolsitas-perfumadas-aroma-floral/7339125",
    "price": 1.75,
    "reference_price": 0.58,
    "iva": 21,
    "reference_unit": "1 U",
    "date": "2023-01-17"
  },
  {
    "id": 24711,
    "name": "Limpiahogar Cocina Cítricos CONSUM",
    "description": "Limpiahogar Cocina Cítricos 1,5 L",
    "category": "Limpieza cocina",
    "url": "https://tienda.consum.es/es/p/limpiahogar-cocina-citricos/7349371",
    "price": 1.5,
    "reference_price": 1,
    "iva": 21,
    "reference_unit": "1 L",
    "date": "2023-01-17"
  },
  {
    "id": 24717,
    "name": "Burger Meat Pollo-Cerdo con Queso ",
    "description": "Burger Meat Pollo-Cerdo con Queso 140 Gr",
    "category": "Picadas y hamburguesas",
    "url": "https://tienda.consum.es/es/p/burger-meat-pollo-cerdo-con-queso/7355894",
    "price": 1.75,
    "reference_price": 12.5,
    "iva": 10,
    "reference_unit": "1 Kg",
    "date": "2023-01-17"
  },
  {
    "id": 24718,
    "name": "Burger Meat Pollo con Ajos Tiernos ",
    "description": "Burger Meat Pollo con Ajos Tiernos 150 Gr",
    "category": "Picadas y hamburguesas",
    "url": "https://tienda.consum.es/es/p/burger-meat-pollo-con-ajos-tiernos/7355902",
    "price": 1.75,
    "reference_price": 11.67,
    "iva": 10,
    "reference_unit": "1 Kg",
    "date": "2023-01-17"
  },
  {
    "id": 24719,
    "name": "Burger Meat Pollo con Setas ",
    "description": "Burger Meat Pollo con Setas 150 Gr",
    "category": "Picadas y hamburguesas",
    "url": "https://tienda.consum.es/es/p/burger-meat-pollo-con-setas/7355915",
    "price": 1.75,
    "reference_price": 11.67,
    "iva": 10,
    "reference_unit": "1 Kg",
    "date": "2023-01-17"
  },
  {
    "id": 24728,
    "name": "Burger Meat Vacuno ",
    "description": "Burger Meat Vacuno 120 Gr",
    "category": "Picadas y hamburguesas",
    "url": "https://tienda.consum.es/es/p/burger-meat-vacuno/7358138",
    "price": 1.25,
    "reference_price": 10.42,
    "iva": 10,
    "reference_unit": "1 Kg",
    "date": "2023-01-17"
  },
  {
    "id": 24729,
    "name": "Burger Meat 100% Pollo ",
    "description": "Burger Meat 100% Pollo 120 Gr",
    "category": "Picadas y hamburguesas",
    "url": "https://tienda.consum.es/es/p/burger-meat-100-pollo/7358232",
    "price": 1.19,
    "reference_price": 9.92,
    "iva": 10,
    "reference_unit": "1 Kg",
    "date": "2023-01-17"
  },
  {
    "id": 24733,
    "name": "Chuleta Sajonia EL POZO",
    "description": "Chuleta Sajonia",
    "category": "Cerdo",
    "url": "https://tienda.consum.es/es/p/chuleta-sajonia/7358955",
    "price": 3.7,
    "reference_price": 9.25,
    "iva": 10,
    "reference_unit": "1 Kg",
    "date": "2023-01-17"
  },
  {
    "id": 24735,
    "name": "Comida Seca Gatos Bolas Pelo ULTIMA",
    "description": "Comida Seca Gatos Bolas Pelo 1,5 Kg",
    "category": "Seco",
    "url": "https://tienda.consum.es/es/p/comida-seca-gatos-bolas-pelo/7359396",
    "price": 9.45,
    "reference_price": 6.3,
    "iva": 10,
    "reference_unit": "1 Kg",
    "date": "2023-01-17"
  },
  {
    "id": 24736,
    "name": "Comida Seca Pollo Gatos Esterilizados ULTIMA",
    "description": "Comida Seca Pollo Gatos Esterilizados 1,5 Kg",
    "category": "Seco",
    "url": "https://tienda.consum.es/es/p/comida-seca-pollo-gatos-esterilizados/7359409",
    "price": 10,
    "reference_price": 6.67,
    "iva": 10,
    "reference_unit": "1 Kg",
    "date": "2023-01-17"
  },
  {
    "id": 24739,
    "name": "Alitas de Pollo Estilo Americano congeladas LA COCINERA",
    "description": "Alitas de Pollo Estilo Americano congeladas 500 Gr",
    "category": "Platos preparados",
    "url": "https://tienda.consum.es/es/p/alitas-de-pollo-estilo-americano-congeladas/7359540",
    "price": 6.99,
    "reference_price": 13.98,
    "iva": 10,
    "reference_unit": "1 Kg",
    "date": "2023-01-17"
  },
  {
    "id": 24741,
    "name": "Bolsa M&M Cacahuete MARS",
    "description": "Bolsa M&M Cacahuete 200 Gr",
    "category": "Chocolatinas y bombones",
    "url": "https://tienda.consum.es/es/p/bolsa-mm-cacahuete/7359748",
    "price": 2.59,
    "reference_price": 12.95,
    "iva": 10,
    "reference_unit": "1 Kg",
    "date": "2023-01-17"
  },
  {
    "id": 24742,
    "name": "Snack Chocolate MARS",
    "description": "Snack Chocolate 3 x 45 Gr",
    "category": "Chocolatinas y bombones",
    "url": "https://tienda.consum.es/es/p/snack-chocolate/7359750",
    "price": 2.1,
    "reference_price": 15.56,
    "iva": 10,
    "reference_unit": "1 Kg",
    "date": "2023-01-17"
  },
  {
    "id": 24743,
    "name": "Snack Chocolate SNICKERS",
    "description": "Snack Chocolate 3 x 50 Gr",
    "category": "Chocolatinas y bombones",
    "url": "https://tienda.consum.es/es/p/snack-chocolate/7359755",
    "price": 2.1,
    "reference_price": 14,
    "iva": 10,
    "reference_unit": "1 Kg",
    "date": "2023-01-17"
  },
  {
    "id": 24744,
    "name": "Chocolatina TWIX",
    "description": "Chocolatina 3 x 50 Gr",
    "category": "Chocolatinas y bombones",
    "url": "https://tienda.consum.es/es/p/chocolatina/7359763",
    "price": 2.1,
    "reference_price": 14,
    "iva": 10,
    "reference_unit": "1 Kg",
    "date": "2023-01-17"
  },
  {
    "id": 24745,
    "name": "Colonia Femenina Rose BENETTON",
    "description": "Colonia Femenina Rose 50 ml",
    "category": "Femeninas",
    "url": "https://tienda.consum.es/es/p/colonia-femenina-rose/7359839",
    "price": 11.5,
    "reference_price": 23,
    "iva": 21,
    "reference_unit": "100 ml",
    "date": "2023-01-17"
  },
  {
    "id": 24746,
    "name": "Colonia Femenina Ibiza Queen Sexy PACHA IBIZA",
    "description": "Colonia Femenina Ibiza Queen Sexy 80 ml",
    "category": "Femeninas",
    "url": "https://tienda.consum.es/es/p/colonia-femenina-ibiza-queen-sexy/7359859",
    "price": 9.95,
    "reference_price": 12.44,
    "iva": 21,
    "reference_unit": "100 ml",
    "date": "2023-01-17"
  },
  {
    "id": 24752,
    "name": "Dentífrico Encías Fortificantes COLGATE",
    "description": "Dentífrico Encías Fortificantes 1 U",
    "category": "Dentífricos",
    "url": "https://tienda.consum.es/es/p/dentifrico-encias-fortificantes/7360162",
    "price": 4.59,
    "reference_price": 6.12,
    "iva": 21,
    "reference_unit": "100 ml",
    "date": "2023-01-17"
  },
  {
    "id": 24754,
    "name": "Cocochas de Bacalao Desalado ",
    "description": "Cocochas de Bacalao Desalado 200 Gr",
    "category": "Pescado en bandeja",
    "url": "https://tienda.consum.es/es/p/cocochas-de-bacalao-desalado/7360287",
    "price": 5.99,
    "reference_price": 29.95,
    "iva": 10,
    "reference_unit": "1 Kg",
    "date": "2023-01-17"
  },
  {
    "id": 24755,
    "name": "Lomo Bacalao Desalado ",
    "description": "Lomo Bacalao Desalado 270 Gr",
    "category": "Pescado en bandeja",
    "url": "https://tienda.consum.es/es/p/lomo-bacalao-desalado/7360290",
    "price": 6.39,
    "reference_price": 23.67,
    "iva": 10,
    "reference_unit": "1 Kg",
    "date": "2023-01-17"
  },
  {
    "id": 24756,
    "name": "Vermouth Rojo Reserva VITTORE",
    "description": "Vermouth Rojo Reserva 0,75 L",
    "category": "Licores y vermouth",
    "url": "https://tienda.consum.es/es/p/vermouth-rojo-reserva/7360303",
    "price": 7.29,
    "reference_price": 9.72,
    "iva": 21,
    "reference_unit": "1 L",
    "date": "2023-01-17"
  },
  {
    "id": 24760,
    "name": "Bolsa de Almuerzo con 2 Herméticos 800 ml BERGNER",
    "description": "Bolsa de Almuerzo con 2 Herméticos 800 ml 1 U",
    "category": "Conservación alimentos",
    "url": "https://tienda.consum.es/es/p/bolsa-de-almuerzo-con-2-hermeticos-800-ml/7360535",
    "price": 16.5,
    "reference_price": 16.5,
    "iva": 21,
    "reference_unit": "1 U",
    "date": "2023-01-17"
  },
  {
    "id": 24762,
    "name": "Corrector Líquido 6D L'OREAL",
    "description": "Corrector Líquido 6D 1 U",
    "category": "Rostro",
    "url": "https://tienda.consum.es/es/p/corrector-liquido-6d/7302271",
    "price": 11.9,
    "reference_price": 11.9,
    "iva": 21,
    "reference_unit": "1 U",
    "date": "2023-01-17"
  },
  {
    "id": 24763,
    "name": "Corrector Líquido 3D L'OREAL",
    "description": "Corrector Líquido 3D 1 U",
    "category": "Rostro",
    "url": "https://tienda.consum.es/es/p/corrector-liquido-3d/7302276",
    "price": 11.9,
    "reference_price": 11.9,
    "iva": 21,
    "reference_unit": "1 U",
    "date": "2023-01-17"
  },
  {
    "id": 24765,
    "name": "Suavizante Relax CONSUM",
    "description": "Suavizante Relax 80 Lv",
    "category": "Suavizante",
    "url": "https://tienda.consum.es/es/p/suavizante-relax/7335107",
    "price": 1.99,
    "reference_price": 0.02,
    "iva": 21,
    "reference_unit": "1 Lv",
    "date": "2023-01-17"
  },
  {
    "id": 24766,
    "name": "Bayeta Microfibra XXL 4 Más 1 de Regalo SPONTEX",
    "description": "Bayeta Microfibra XXL 4 Más 1 de Regalo 4 U",
    "category": "Bayetas, gamuzas y plumeros",
    "url": "https://tienda.consum.es/es/p/bayeta-microfibra-xxl-4-mas-1-de-regalo/7348071",
    "price": 4.85,
    "reference_price": 1.21,
    "iva": 21,
    "reference_unit": "1 U",
    "date": "2023-01-17"
  },
  {
    "id": 24776,
    "name": "Cheddar Bites congelado FRIPOZO",
    "description": "Cheddar Bites congelado 250 Gr",
    "category": "Platos preparados",
    "url": "https://tienda.consum.es/es/p/cheddar-bites-congelado/7359479",
    "price": 2.69,
    "reference_price": 10.76,
    "iva": 10,
    "reference_unit": "1 Kg",
    "date": "2023-01-17"
  },
  {
    "id": 24781,
    "name": "Caramelos Mentos Fruta 2 Unidades MENTOS",
    "description": "Caramelos Mentos Fruta 2 Unidades 37,5 Gr",
    "category": "Chicles, caramelos y gominolas",
    "url": "https://tienda.consum.es/es/p/caramelos-mentos-fruta-2-unidades/7359805",
    "price": 1.59,
    "reference_price": 0.02,
    "iva": 10,
    "reference_unit": "1 U",
    "date": "2023-01-17"
  },
  {
    "id": 24783,
    "name": "Cafe Expresso Barista 10 Cápsulas L'OR",
    "description": "Cafe Expresso Barista 10 Cápsulas 10 U",
    "category": "Café en cápsulas",
    "url": "https://tienda.consum.es/es/p/cafe-expresso-barista-10-capsulas/7359920",
    "price": 3.95,
    "reference_price": 0.4,
    "iva": 10,
    "reference_unit": "1 U",
    "date": "2023-01-17"
  },
  {
    "id": 24807,
    "name": "Jamón de Cebo en Tapas 50% Raza Ibérica LOS IBÉRICOS",
    "description": "Jamón de Cebo en Tapas 50% Raza Ibérica 100 Gr",
    "category": "Ibéricos",
    "url": "https://tienda.consum.es/es/p/jamon-de-cebo-en-tapas-50-raza-iberica/7360329",
    "price": 5.99,
    "reference_price": 59.9,
    "iva": 10,
    "reference_unit": "1 Kg",
    "date": "2023-01-17"
  },
  {
    "id": 24808,
    "name": "Paleta de Cebo en Tapas 50% Raza Ibérica LOS IBÉRICOS",
    "description": "Paleta de Cebo en Tapas 50% Raza Ibérica 100 Gr",
    "category": "Ibéricos",
    "url": "https://tienda.consum.es/es/p/paleta-de-cebo-en-tapas-50-raza-iberica/7360332",
    "price": 5.39,
    "reference_price": 53.9,
    "iva": 10,
    "reference_unit": "1 Kg",
    "date": "2023-01-17"
  },
  {
    "id": 24809,
    "name": "Lomo de Cebo en Tapas 50% Raza Ibérica LOS IBÉRICOS",
    "description": "Lomo de Cebo en Tapas 50% Raza Ibérica 90 Gr",
    "category": "Ibéricos",
    "url": "https://tienda.consum.es/es/p/lomo-de-cebo-en-tapas-50-raza-iberica/7360337",
    "price": 3.95,
    "reference_price": 43.89,
    "iva": 10,
    "reference_unit": "1 Kg",
    "date": "2023-01-17"
  },
  {
    "id": 24810,
    "name": "Chorizo Ibérico Extra en Tapas LOS IBÉRICOS",
    "description": "Chorizo Ibérico Extra en Tapas 90 Gr",
    "category": "Chorizo",
    "url": "https://tienda.consum.es/es/p/chorizo-iberico-extra-en-tapas/7360340",
    "price": 2.24,
    "reference_price": 24.89,
    "iva": 10,
    "reference_unit": "1 Kg",
    "date": "2023-01-17"
  },
  {
    "id": 24811,
    "name": "Salchichón Ibérico Extra en Tapas LOS IBÉRICOS",
    "description": "Salchichón Ibérico Extra en Tapas 90 Gr",
    "category": "Salchichón y salami",
    "url": "https://tienda.consum.es/es/p/salchichon-iberico-extra-en-tapas/7360345",
    "price": 2.24,
    "reference_price": 24.89,
    "iva": 10,
    "reference_unit": "1 Kg",
    "date": "2023-01-17"
  },
  {
    "id": 24813,
    "name": "Lomo de Bellota 100 % Ibérico- Sin Aditivos MONTARAZ",
    "description": "Lomo de Bellota 100 % Ibérico- Sin Aditivos 80 Gr",
    "category": "Ibéricos",
    "url": "https://tienda.consum.es/es/p/lomo-de-bellota-100-iberico--sin-aditivos/7360449",
    "price": 4.99,
    "reference_price": 62.38,
    "iva": 10,
    "reference_unit": "1 Kg",
    "date": "2023-01-17"
  },
  {
    "id": 24814,
    "name": "Brocha Afeitar Pelo Natural LEA",
    "description": "Brocha Afeitar Pelo Natural 1 U",
    "category": "Brochas",
    "url": "https://tienda.consum.es/es/p/brocha-afeitar-pelo-natural/7360485",
    "price": 5.99,
    "reference_price": 5.99,
    "iva": 21,
    "reference_unit": "1 U",
    "date": "2023-01-17"
  },
  {
    "id": 24817,
    "name": "Costilla Cerdo Barbacoa LA COPE",
    "description": "Costilla Cerdo Barbacoa",
    "category": "Cerdo",
    "url": "https://tienda.consum.es/es/p/costilla-cerdo-barbacoa/7360621",
    "price": 6.96,
    "reference_price": 9.89,
    "iva": 10,
    "reference_unit": "1 Kg",
    "date": "2023-01-17"
  },
  {
    "id": 24823,
    "name": "Cerveza IPA Lata CRUZCAMPO",
    "description": "Cerveza IPA Lata 0,33 L",
    "category": "Especialidades",
    "url": "https://tienda.consum.es/es/p/cerveza-ipa-lata/7360691",
    "price": 1.1,
    "reference_price": 3.33,
    "iva": 21,
    "reference_unit": "1 L",
    "date": "2023-01-17"
  },
  {
    "id": 24826,
    "name": "Perlas Classic frescor de Abril LENOR",
    "description": "Perlas Classic frescor de Abril",
    "category": "Droguería y limpieza",
    "url": "https://tienda.consum.es/es/p/perlas-classic-frescor-de-abril/7360774",
    "price": 4.99,
    "reference_price": 23.76,
    "iva": 21,
    "reference_unit": "1 Kg",
    "date": "2023-01-17"
  },
  {
    "id": 24829,
    "name": "Estropajo Salvauñas 4 Más 4 Regalo SPONTEX",
    "description": "Estropajo Salvauñas 4 Más 4 Regalo 8 U",
    "category": "Estropajos",
    "url": "https://tienda.consum.es/es/p/estropajo-salvaunas-4-mas-4-regalo/7360881",
    "price": 3.25,
    "reference_price": 0.41,
    "iva": 21,
    "reference_unit": "1 U",
    "date": "2023-01-17"
  },
  {
    "id": 24830,
    "name": "Aditivo Textil ASEVI",
    "description": "Aditivo Textil 720 ml",
    "category": "Aditivos y complementos",
    "url": "https://tienda.consum.es/es/p/aditivo-textil/7360907",
    "price": 2.39,
    "reference_price": 3.32,
    "iva": 21,
    "reference_unit": "1 L",
    "date": "2023-01-17"
  },
  {
    "id": 24831,
    "name": "Cerveza Radler 0,0 Tostada Lata AMSTEL",
    "description": "Cerveza Radler 0,0 Tostada Lata 0,33 L",
    "category": "0, 0 y 0, 9",
    "url": "https://tienda.consum.es/es/p/cerveza-radler-00-tostada-lata/7360931",
    "price": 0.75,
    "reference_price": 2.27,
    "iva": 21,
    "reference_unit": "1 L",
    "date": "2023-01-17"
  },
  {
    "id": 24834,
    "name": "Cacao Soluble COLA CAO",
    "description": "Cacao Soluble 383 Gr",
    "category": "Cacao soluble",
    "url": "https://tienda.consum.es/es/p/cacao-soluble/7360985",
    "price": 3.29,
    "reference_price": 8.59,
    "iva": 10,
    "reference_unit": "1 Kg",
    "date": "2023-01-17"
  },
  {
    "id": 24842,
    "name": "Suavizante Talco CONSUM",
    "description": "Suavizante Talco 80 Lv",
    "category": "Suavizante",
    "url": "https://tienda.consum.es/es/p/suavizante-talco/7335099",
    "price": 1.99,
    "reference_price": 0.02,
    "iva": 21,
    "reference_unit": "1 Lv",
    "date": "2023-01-17"
  },
  {
    "id": 24847,
    "name": "Refresco Sandía Zero Lata FANTA",
    "description": "Refresco Sandía Zero Lata 0,33 L",
    "category": "Refrescos",
    "url": "https://tienda.consum.es/es/p/refresco-sandia-zero-lata/7354608",
    "price": 0.7,
    "reference_price": 2.12,
    "iva": 21,
    "reference_unit": "1 L",
    "date": "2023-01-17"
  },
  {
    "id": 24849,
    "name": "Vino Tinto D.O. Valencia EL MIRACLE",
    "description": "Vino Tinto D.O. Valencia 0,75 L",
    "category": "Vinos d.o",
    "url": "https://tienda.consum.es/es/p/vino-tinto-do-valencia/7356314",
    "price": 6.49,
    "reference_price": 8.65,
    "iva": 21,
    "reference_unit": "1 L",
    "date": "2023-01-17"
  },
  {
    "id": 24855,
    "name": "Cerveza Artesana MALA VIDA",
    "description": "Cerveza Artesana 0,33 L",
    "category": "Especialidades",
    "url": "https://tienda.consum.es/es/p/cerveza-artesana/7360675",
    "price": 1.99,
    "reference_price": 6.03,
    "iva": 21,
    "reference_unit": "1 L",
    "date": "2023-01-17"
  },
  {
    "id": 24858,
    "name": "Placas para Lasaña y Canelones sin Gluten GALLO",
    "description": "Placas para Lasaña y Canelones sin Gluten 250 Gr",
    "category": "Macarrones, espaguetis y tallarines",
    "url": "https://tienda.consum.es/es/p/placas-para-lasana-y-canelones-sin-gluten/7360795",
    "price": 2.5,
    "reference_price": 10,
    "iva": 5,
    "reference_unit": "1 Kg",
    "date": "2023-01-17"
  },
  {
    "id": 24863,
    "name": "Colonia Familiar HENO PRAVIA",
    "description": "Colonia Familiar 780 ml",
    "category": "Familiar",
    "url": "https://tienda.consum.es/es/p/colonia-familiar/7360936",
    "price": 2.85,
    "reference_price": 0.37,
    "iva": 21,
    "reference_unit": "100 ml",
    "date": "2023-01-17"
  },
  {
    "id": 24864,
    "name": "Body Spray LAISEVEN",
    "description": "Body Spray 200 ml",
    "category": "Femeninas",
    "url": "https://tienda.consum.es/es/p/body-spray/7360964",
    "price": 2.79,
    "reference_price": 1.4,
    "iva": 21,
    "reference_unit": "100 ml",
    "date": "2023-01-17"
  },
  {
    "id": 24869,
    "name": "Mejillón Escabeche 8/12 Piezas GALICA",
    "description": "Mejillón Escabeche 8/12 Piezas 69 Gr",
    "category": "Mejillones",
    "url": "https://tienda.consum.es/es/p/mejillon-escabeche-8/12-piezas/7361236",
    "price": 2.89,
    "reference_price": 41.88,
    "iva": 10,
    "reference_unit": "1 Kg",
    "date": "2023-01-17"
  },
  {
    "id": 24870,
    "name": "Mejillón Escabeche 13/18 Piezas GALICA",
    "description": "Mejillón Escabeche 13/18 Piezas 69 Gr",
    "category": "Mejillones",
    "url": "https://tienda.consum.es/es/p/mejillon-escabeche-13/18-piezas/7361249",
    "price": 1.99,
    "reference_price": 28.84,
    "iva": 10,
    "reference_unit": "1 Kg",
    "date": "2023-01-17"
  },
  {
    "id": 24872,
    "name": "Limpiador Desincrustante 4 en 1 ASH",
    "description": "Limpiador Desincrustante 4 en 1 750 ml",
    "category": "Limpieza hogar",
    "url": "https://tienda.consum.es/es/p/limpiador-desincrustante-4-en-1/7361330",
    "price": 3.8,
    "reference_price": 5.07,
    "iva": 21,
    "reference_unit": "1 L",
    "date": "2023-01-17"
  },
  {
    "id": 24873,
    "name": "Refresco Té Melocotón Botella DON SIMON",
    "description": "Refresco Té Melocotón Botella 1,5 L",
    "category": "Té",
    "url": "https://tienda.consum.es/es/p/refresco-te-melocoton-botella/7361368",
    "price": 1.19,
    "reference_price": 0.79,
    "iva": 21,
    "reference_unit": "1 L",
    "date": "2023-01-17"
  },
  {
    "id": 24874,
    "name": "Refresco Té Limón Botella DON SIMON",
    "description": "Refresco Té Limón Botella 1,5 L",
    "category": "Té",
    "url": "https://tienda.consum.es/es/p/refresco-te-limon-botella/7361376",
    "price": 1.19,
    "reference_price": 0.79,
    "iva": 21,
    "reference_unit": "1 L",
    "date": "2023-01-17"
  },
  {
    "id": 24875,
    "name": "Ron Añejo Cubano 3 Años HAVANA CLUB",
    "description": "Ron Añejo Cubano 3 Años 0,7 L",
    "category": "Licores y vermouth",
    "url": "https://tienda.consum.es/es/p/ron-anejo-cubano-3-anos/7361483",
    "price": 12.39,
    "reference_price": 17.7,
    "iva": 21,
    "reference_unit": "1 L",
    "date": "2023-01-17"
  },
  {
    "id": 24878,
    "name": "Mini Perritos Brioche 10 Unidades ",
    "description": "Mini Perritos Brioche 10 Unidades 300 Gr",
    "category": "Pan hamburguesas y perritos",
    "url": "https://tienda.consum.es/es/p/mini-perritos-brioche-10-unidades/7361566",
    "price": 1.99,
    "reference_price": 6.63,
    "iva": 10,
    "reference_unit": "1 Kg",
    "date": "2023-01-17"
  },
  {
    "id": 24882,
    "name": "Snack Dental Perro Razas Pequeñas VITALITY",
    "description": "Snack Dental Perro Razas Pequeñas 135 Gr",
    "category": "Snacks",
    "url": "https://tienda.consum.es/es/p/snack-dental-perro-razas-pequenas/7340511",
    "price": 1.15,
    "reference_price": 8.52,
    "iva": 10,
    "reference_unit": "1 Kg",
    "date": "2023-01-17"
  },
  {
    "id": 24883,
    "name": "Snack Dental Perro Razas Medianas/Grande VITALITY",
    "description": "Snack Dental Perro Razas Medianas/Grande 150 Gr",
    "category": "Snacks",
    "url": "https://tienda.consum.es/es/p/snack-dental-perro-razas-medianas/grande/7340516",
    "price": 1.15,
    "reference_price": 7.67,
    "iva": 10,
    "reference_unit": "1 Kg",
    "date": "2023-01-17"
  },
  {
    "id": 24885,
    "name": "Tinte Oleo Intense 8.60 Rubio Miel SYOSS",
    "description": "Tinte Oleo Intense 8.60 Rubio Miel 1 U",
    "category": "Coloración",
    "url": "https://tienda.consum.es/es/p/tinte-oleo-intense-860-rubio-miel/7353910",
    "price": 6.25,
    "reference_price": 6.25,
    "iva": 21,
    "reference_unit": "1 U",
    "date": "2023-01-17"
  },
  {
    "id": 24887,
    "name": "Pañal Pants T 4 9-15 Kilos DODOT",
    "description": "Pañal Pants T 4 9-15 Kilos 33 U",
    "category": "Junior: Talla de 4 a 6",
    "url": "https://tienda.consum.es/es/p/panal-pants-t-4-9-15-kilos/7359581",
    "price": 12.99,
    "reference_price": 0.39,
    "iva": 21,
    "reference_unit": "1 U",
    "date": "2023-01-17"
  },
  {
    "id": 24889,
    "name": "Pañal Pants T 5 12-18 Kilos DODOT",
    "description": "Pañal Pants T 5 12-18 Kilos 30 U",
    "category": "Junior: Talla de 4 a 6",
    "url": "https://tienda.consum.es/es/p/panal-pants-t-5-12-18-kilos/7359594",
    "price": 12.99,
    "reference_price": 0.43,
    "iva": 21,
    "reference_unit": "1 U",
    "date": "2023-01-17"
  },
  {
    "id": 24890,
    "name": "Pañal Pants T 6 16-22 Kilos DODOT",
    "description": "Pañal Pants T 6 16-22 Kilos 27 U",
    "category": "Junior: Talla de 4 a 6",
    "url": "https://tienda.consum.es/es/p/panal-pants-t-6-16-22-kilos/7359607",
    "price": 12.99,
    "reference_price": 0.48,
    "iva": 21,
    "reference_unit": "1 U",
    "date": "2023-01-17"
  },
  {
    "id": 24891,
    "name": "Fregonas Microfibra Trenzada PLA",
    "description": "Fregonas Microfibra Trenzada 2 U",
    "category": "Fregonas",
    "url": "https://tienda.consum.es/es/p/fregonas-microfibra-trenzada/7359623",
    "price": 2.95,
    "reference_price": 1.48,
    "iva": 21,
    "reference_unit": "1 U",
    "date": "2023-01-17"
  },
  {
    "id": 24893,
    "name": "Limón Granizado 0% sin Azúcar Añadido MONZO",
    "description": "Limón Granizado 0% sin Azúcar Añadido 800 Gr",
    "category": "Helados",
    "url": "https://tienda.consum.es/es/p/limon-granizado-0-sin-azucar-anadido/7360738",
    "price": 2.49,
    "reference_price": 3.11,
    "iva": 10,
    "reference_unit": "1 Kg",
    "date": "2023-01-17"
  },
  {
    "id": 24901,
    "name": "Cerveza Especial Lata ALHAMBRA",
    "description": "Cerveza Especial Lata 0,25 L",
    "category": "Nacional lata",
    "url": "https://tienda.consum.es/es/p/cerveza-especial-lata/7361504",
    "price": 0.69,
    "reference_price": 2.76,
    "iva": 21,
    "reference_unit": "1 L",
    "date": "2023-01-17"
  },
  {
    "id": 24906,
    "name": "Suavizante Intense Explosión de Frescor MIMOSIN",
    "description": "Suavizante Intense Explosión de Frescor 52 Lv",
    "category": "Suavizante",
    "url": "https://tienda.consum.es/es/p/suavizante-intense-explosion-de-frescor/7362226",
    "price": 4.5,
    "reference_price": 0.09,
    "iva": 21,
    "reference_unit": "1 Lv",
    "date": "2023-01-17"
  },
  {
    "id": 24908,
    "name": "Tequila Reposado 38",
    "description": "Tequila Reposado 0,7 L",
    "category": "Licores y vermouth",
    "url": "https://tienda.consum.es/es/p/tequila-reposado/7358307",
    "price": 10.5,
    "reference_price": 15,
    "iva": 21,
    "reference_unit": "1 L",
    "date": "2023-01-17"
  },
  {
    "id": 24909,
    "name": "Pañal Bebé Activity T 4 9-14 Kilos DODOT",
    "description": "Pañal Bebé Activity T 4 9-14 Kilos 58 U",
    "category": "Junior: Talla de 4 a 6",
    "url": "https://tienda.consum.es/es/p/panal-bebe-activity-t-4-9-14-kilos/7359565",
    "price": 26.99,
    "reference_price": 0.47,
    "iva": 21,
    "reference_unit": "1 U",
    "date": "2023-01-17"
  },
  {
    "id": 24910,
    "name": "Pañal Bebé Activity T 5 11-16 Kilos DODOT",
    "description": "Pañal Bebé Activity T 5 11-16 Kilos 52 U",
    "category": "Junior: Talla de 4 a 6",
    "url": "https://tienda.consum.es/es/p/panal-bebe-activity-t-5-11-16-kilos/7359573",
    "price": 26.99,
    "reference_price": 0.52,
    "iva": 21,
    "reference_unit": "1 U",
    "date": "2023-01-17"
  },
  {
    "id": 24916,
    "name": "Queso Azul D'Auvergne DOP F.OCCITANES",
    "description": "Queso Azul D'Auvergne DOP 100 Gr",
    "category": "Roquefort y azules",
    "url": "https://tienda.consum.es/es/p/queso-azul-dauvergne-dop/7360543",
    "price": 1.14,
    "reference_price": 11.4,
    "iva": 0,
    "reference_unit": "1 Kg",
    "date": "2023-01-17"
  },
  {
    "id": 24927,
    "name": "Ikebana Triple Acción Insecticida Plantas IKEBANA",
    "description": "Ikebana Triple Acción Insecticida Plantas 1 U",
    "category": "Jardinería y plantas",
    "url": "https://tienda.consum.es/es/p/ikebana-triple-accion-insecticida-plantas/7361629",
    "price": 9.39,
    "reference_price": 9.39,
    "iva": 21,
    "reference_unit": "1 U",
    "date": "2023-01-17"
  },
  {
    "id": 24928,
    "name": "Vino Blanco Sauvignon D.O.Rueda OVACION",
    "description": "Vino Blanco Sauvignon D.O.Rueda 0,75 L",
    "category": "Vinos d.o",
    "url": "https://tienda.consum.es/es/p/vino-blanco-sauvignon-dorueda/7361640",
    "price": 3,
    "reference_price": 4,
    "iva": 21,
    "reference_unit": "1 L",
    "date": "2023-01-17"
  },
  {
    "id": 24929,
    "name": "Vino Blanco D.O.Rueda CELESTE",
    "description": "Vino Blanco D.O.Rueda 0,75 L",
    "category": "Vinos d.o",
    "url": "https://tienda.consum.es/es/p/vino-blanco-dorueda/7361751",
    "price": 7.6,
    "reference_price": 10.13,
    "iva": 21,
    "reference_unit": "1 L",
    "date": "2023-01-17"
  },
  {
    "id": 24930,
    "name": "Champú Botanique Coco TRESEMME",
    "description": "Champú Botanique Coco 685 ml",
    "category": "Champú",
    "url": "https://tienda.consum.es/es/p/champu-botanique-coco/7361801",
    "price": 6.49,
    "reference_price": 0.95,
    "iva": 21,
    "reference_unit": "100 ml",
    "date": "2023-01-17"
  },
  {
    "id": 24931,
    "name": "Acondicionador Botanique TRESEMME",
    "description": "Acondicionador Botanique 685 ml",
    "category": "Acondicionadores",
    "url": "https://tienda.consum.es/es/p/acondicionador-botanique/7361806",
    "price": 6.49,
    "reference_price": 0.95,
    "iva": 21,
    "reference_unit": "100 ml",
    "date": "2023-01-17"
  },
  {
    "id": 24932,
    "name": "Dentífrico Frescor Diario PARODONTAX",
    "description": "Dentífrico Frescor Diario 75 ml",
    "category": "Dentífricos",
    "url": "https://tienda.consum.es/es/p/dentifrico-frescor-diario/7361830",
    "price": 4.59,
    "reference_price": 6.12,
    "iva": 21,
    "reference_unit": "100 ml",
    "date": "2023-01-17"
  },
  {
    "id": 24934,
    "name": "Dentífrico Complete Protection Blanqueante PARODONTAX",
    "description": "Dentífrico Complete Protection Blanqueante 75 ml",
    "category": "Dentífricos",
    "url": "https://tienda.consum.es/es/p/dentifrico-complete-protection-blanqueante/7361843",
    "price": 4.99,
    "reference_price": 6.65,
    "iva": 21,
    "reference_unit": "100 ml",
    "date": "2023-01-17"
  },
  {
    "id": 24935,
    "name": "Almejones al Natural GALICA",
    "description": "Almejones al Natural 63 Gr",
    "category": "Almejas, berberechos y navajas",
    "url": "https://tienda.consum.es/es/p/almejones-al-natural/7361850",
    "price": 1.49,
    "reference_price": 23.65,
    "iva": 10,
    "reference_unit": "1 Kg",
    "date": "2023-01-17"
  },
  {
    "id": 24937,
    "name": "Limpia Vitrocerámica VITROCLEN",
    "description": "Limpia Vitrocerámica 0,45 L",
    "category": "Limpieza cocina",
    "url": "https://tienda.consum.es/es/p/limpia-vitroceramica/7361954",
    "price": 5.2,
    "reference_price": 11.56,
    "iva": 21,
    "reference_unit": "1 L",
    "date": "2023-01-17"
  },
  {
    "id": 24938,
    "name": "Ginebra Mint Botella ROSEE",
    "description": "Ginebra Mint Botella 0,7 L",
    "category": "Licores y vermouth",
    "url": "https://tienda.consum.es/es/p/ginebra-mint-botella/7361962",
    "price": 9.99,
    "reference_price": 14.27,
    "iva": 21,
    "reference_unit": "1 L",
    "date": "2023-01-17"
  },
  {
    "id": 24939,
    "name": "Pinza Depilar Punta Recta BETER",
    "description": "Pinza Depilar Punta Recta 1 U",
    "category": "Ojos",
    "url": "https://tienda.consum.es/es/p/pinza-depilar-punta-recta/7362007",
    "price": 2.99,
    "reference_price": 2.99,
    "iva": 21,
    "reference_unit": "1 U",
    "date": "2023-01-17"
  },
  {
    "id": 24942,
    "name": "Labial Vegan Pure 01 Fire Red GIO GIOVANNI",
    "description": "Labial Vegan Pure 01 Fire Red 1 U",
    "category": "Labiales",
    "url": "https://tienda.consum.es/es/p/labial-vegan-pure-01-fire-red/7362101",
    "price": 4.95,
    "reference_price": 4.95,
    "iva": 21,
    "reference_unit": "1 U",
    "date": "2023-01-17"
  },
  {
    "id": 24943,
    "name": "Labial Vegan Pure 02 Red Velvet GIO GIOVANNI",
    "description": "Labial Vegan Pure 02 Red Velvet 1 U",
    "category": "Labiales",
    "url": "https://tienda.consum.es/es/p/labial-vegan-pure-02-red-velvet/7362106",
    "price": 4.95,
    "reference_price": 4.95,
    "iva": 21,
    "reference_unit": "1 U",
    "date": "2023-01-17"
  },
  {
    "id": 24944,
    "name": "Labial Vegan Pure 03 Nude Sensation GIO GIOVANNI",
    "description": "Labial Vegan Pure 03 Nude Sensation 1 U",
    "category": "Labiales",
    "url": "https://tienda.consum.es/es/p/labial-vegan-pure-03-nude-sensation/7362114",
    "price": 4.95,
    "reference_price": 4.95,
    "iva": 21,
    "reference_unit": "1 U",
    "date": "2023-01-17"
  },
  {
    "id": 24945,
    "name": "Labial Vegan Pure 04 Almond Rose GIO GIOVANNI",
    "description": "Labial Vegan Pure 04 Almond Rose 1 U",
    "category": "Labiales",
    "url": "https://tienda.consum.es/es/p/labial-vegan-pure-04-almond-rose/7362119",
    "price": 4.95,
    "reference_price": 4.95,
    "iva": 21,
    "reference_unit": "1 U",
    "date": "2023-01-17"
  },
  {
    "id": 24946,
    "name": "Labial Vegan Pure 05 Pink Coraline GIO GIOVANNI",
    "description": "Labial Vegan Pure 05 Pink Coraline 1 U",
    "category": "Labiales",
    "url": "https://tienda.consum.es/es/p/labial-vegan-pure-05-pink-coraline/7362122",
    "price": 4.95,
    "reference_price": 4.95,
    "iva": 21,
    "reference_unit": "1 U",
    "date": "2023-01-17"
  },
  {
    "id": 24947,
    "name": "Labial Vegan Pure 06 Divine Cabemet GIO GIOVANNI",
    "description": "Labial Vegan Pure 06 Divine Cabemet 1 U",
    "category": "Labiales",
    "url": "https://tienda.consum.es/es/p/labial-vegan-pure-06-divine-cabemet/7362127",
    "price": 4.95,
    "reference_price": 4.95,
    "iva": 21,
    "reference_unit": "1 U",
    "date": "2023-01-17"
  },
  {
    "id": 24949,
    "name": "Suavizante Intense Pasión MIMOSIN",
    "description": "Suavizante Intense Pasión 52 Lv",
    "category": "Suavizante",
    "url": "https://tienda.consum.es/es/p/suavizante-intense-pasion/7362239",
    "price": 4.5,
    "reference_price": 0.09,
    "iva": 21,
    "reference_unit": "1 Lv",
    "date": "2023-01-17"
  },
  {
    "id": 24956,
    "name": "Barra Integral 100% ",
    "description": "Barra Integral 100% 230 Gr",
    "category": "Pan de horno",
    "url": "https://tienda.consum.es/es/p/barra-integral-100/7362304",
    "price": 1.25,
    "reference_price": 5.43,
    "iva": 10,
    "reference_unit": "1 Kg",
    "date": "2023-01-17"
  },
  {
    "id": 24959,
    "name": "Bebida de Arroz y Avellanas Brik YOSOY",
    "description": "Bebida de Arroz y Avellanas Brik 1 L",
    "category": "Bebidas vegetales",
    "url": "https://tienda.consum.es/es/p/bebida-de-arroz-y-avellanas-brik/7362395",
    "price": 2.1,
    "reference_price": 2.1,
    "iva": 10,
    "reference_unit": "1 L",
    "date": "2023-01-17"
  },
  {
    "id": 24961,
    "name": "Galletitas Animales Solo Cereales 100% Eco-Bío HERO",
    "description": "Galletitas Animales Solo Cereales 100% Eco-Bío 100 Gr",
    "category": "Galletas",
    "url": "https://tienda.consum.es/es/p/galletitas-animales-solo-cereales-100-eco-bio/7362452",
    "price": 2.55,
    "reference_price": 25.5,
    "iva": 10,
    "reference_unit": "1 Kg",
    "date": "2023-01-17"
  },
  {
    "id": 24962,
    "name": "Burger Brioche DULCESOL",
    "description": "Burger Brioche 340 Gr",
    "category": "Pan de hamburguesa, hot dog y wraps",
    "url": "https://tienda.consum.es/es/p/burger-brioche/7362544",
    "price": 1.79,
    "reference_price": 5.26,
    "iva": 10,
    "reference_unit": "1 Kg",
    "date": "2023-01-17"
  },
  {
    "id": 24966,
    "name": "Lavavajillas Mano ECO CONSUM ECO",
    "description": "Lavavajillas Mano ECO 0,5 L",
    "category": "Lavavajillas a mano",
    "url": "https://tienda.consum.es/es/p/lavavajillas-mano-eco/7344653",
    "price": 1.39,
    "reference_price": 2.78,
    "iva": 21,
    "reference_unit": "1 L",
    "date": "2023-01-17"
  },
  {
    "id": 24984,
    "name": "Dados Ensaladas Edam,Gouda y Cheddar JUAN LUNA",
    "description": "Dados Ensaladas Edam,Gouda y Cheddar 100 Gr",
    "category": "Frescos y para ensaladas",
    "url": "https://tienda.consum.es/es/p/dados-ensaladas-edamgouda-y-cheddar/7361715",
    "price": 1.3,
    "reference_price": 13,
    "iva": 0,
    "reference_unit": "1 Kg",
    "date": "2023-01-17"
  },
  {
    "id": 24987,
    "name": "Pastillas Lavavajillas Ultimate 27+8 FINISH",
    "description": "Pastillas Lavavajillas Ultimate 27+8",
    "category": "Lavavajillas a máquina",
    "url": "https://tienda.consum.es/es/p/pastillas-lavavajillas-ultimate-278/7361819",
    "price": 13.99,
    "reference_price": 0.4,
    "iva": 21,
    "reference_unit": "1 Do",
    "date": "2023-01-17"
  },
  {
    "id": 24989,
    "name": "Tortilla Pocket Paquete 8 Unidades OLD EL PASO",
    "description": "Tortilla Pocket Paquete 8 Unidades 223 Gr",
    "category": "Pan de hamburguesa, hot dog y wraps",
    "url": "https://tienda.consum.es/es/p/tortilla-pocket-paquete-8-unidades/7361827",
    "price": 3.39,
    "reference_price": 15.2,
    "iva": 10,
    "reference_unit": "1 Kg",
    "date": "2023-01-17"
  },
  {
    "id": 24991,
    "name": "Perfilador de Cejas Slim 02 MAYBELLINE",
    "description": "Perfilador de Cejas Slim 02 1 U",
    "category": "Ojos",
    "url": "https://tienda.consum.es/es/p/perfilador-de-cejas-slim-02/7361884",
    "price": 6.99,
    "reference_price": 6.99,
    "iva": 21,
    "reference_unit": "1 U",
    "date": "2023-01-17"
  },
  {
    "id": 24992,
    "name": "Perfilador de Cejas Slim 07 MAYBELLINE",
    "description": "Perfilador de Cejas Slim 07 1 U",
    "category": "Ojos",
    "url": "https://tienda.consum.es/es/p/perfilador-de-cejas-slim-07/7361889",
    "price": 6.99,
    "reference_price": 6.99,
    "iva": 21,
    "reference_unit": "1 U",
    "date": "2023-01-17"
  },
  {
    "id": 24993,
    "name": "Perfilador de Cejas Slim 06 MAYBELLINE",
    "description": "Perfilador de Cejas Slim 06 1 U",
    "category": "Ojos",
    "url": "https://tienda.consum.es/es/p/perfilador-de-cejas-slim-06/7361897",
    "price": 6.99,
    "reference_price": 6.99,
    "iva": 21,
    "reference_unit": "1 U",
    "date": "2023-01-17"
  },
  {
    "id": 24994,
    "name": "Perfilador de Cejas Slim 04 MAYBELLINE",
    "description": "Perfilador de Cejas Slim 04 1 U",
    "category": "Ojos",
    "url": "https://tienda.consum.es/es/p/perfilador-de-cejas-slim-04/7361900",
    "price": 6.99,
    "reference_price": 6.99,
    "iva": 21,
    "reference_unit": "1 U",
    "date": "2023-01-17"
  },
  {
    "id": 24995,
    "name": "Perfilador de Cejas Slim 05 MAYBELLINE",
    "description": "Perfilador de Cejas Slim 05 1 U",
    "category": "Ojos",
    "url": "https://tienda.consum.es/es/p/perfilador-de-cejas-slim-05/7361905",
    "price": 6.99,
    "reference_price": 6.99,
    "iva": 21,
    "reference_unit": "1 U",
    "date": "2023-01-17"
  },
  {
    "id": 24996,
    "name": "Perfilador de Cejas Slim 03 MAYBELLINE",
    "description": "Perfilador de Cejas Slim 03 1 U",
    "category": "Ojos",
    "url": "https://tienda.consum.es/es/p/perfilador-de-cejas-slim-03/7361913",
    "price": 6.99,
    "reference_price": 6.99,
    "iva": 21,
    "reference_unit": "1 U",
    "date": "2023-01-17"
  },
  {
    "id": 24997,
    "name": "Perfilador de Cejas Slim 00 MAYBELLINE",
    "description": "Perfilador de Cejas Slim 00 1 U",
    "category": "Ojos",
    "url": "https://tienda.consum.es/es/p/perfilador-de-cejas-slim-00/7361918",
    "price": 6.99,
    "reference_price": 6.99,
    "iva": 21,
    "reference_unit": "1 U",
    "date": "2023-01-17"
  },
  {
    "id": 25001,
    "name": "Croissant Margarina 6 Unidades ",
    "description": "Croissant Margarina 6 Unidades 120 Gr",
    "category": "Croissants y ensaimadas",
    "url": "https://tienda.consum.es/es/p/croissant-margarina-6-unidades/7362465",
    "price": 1.29,
    "reference_price": 10.75,
    "iva": 10,
    "reference_unit": "1 Kg",
    "date": "2023-01-17"
  },
  {
    "id": 25006,
    "name": "Mantecadas Luna LUNA",
    "description": "Mantecadas Luna 370 Gr",
    "category": "Bollería industrial",
    "url": "https://tienda.consum.es/es/p/mantecadas-luna/7362556",
    "price": 1.79,
    "reference_price": 4.84,
    "iva": 10,
    "reference_unit": "1 Kg",
    "date": "2023-01-17"
  },
  {
    "id": 25008,
    "name": "Macarrones Boloñesa DUNANY",
    "description": "Macarrones Boloñesa 280 Gr",
    "category": "De pasta y arroz",
    "url": "https://tienda.consum.es/es/p/macarrones-bolonesa/7362937",
    "price": 2.5,
    "reference_price": 8.93,
    "iva": 10,
    "reference_unit": "1 Kg",
    "date": "2023-01-17"
  },
  {
    "id": 25009,
    "name": "Espaguetis Boloñesa DUNANY",
    "description": "Espaguetis Boloñesa 280 Gr",
    "category": "De pasta y arroz",
    "url": "https://tienda.consum.es/es/p/espaguetis-bolonesa/7362940",
    "price": 2.5,
    "reference_price": 8.93,
    "iva": 10,
    "reference_unit": "1 Kg",
    "date": "2023-01-17"
  },
  {
    "id": 25010,
    "name": "Tallarines Carbonara DUNANY",
    "description": "Tallarines Carbonara 280 Gr",
    "category": "De pasta y arroz",
    "url": "https://tienda.consum.es/es/p/tallarines-carbonara/7362945",
    "price": 2.35,
    "reference_price": 8.39,
    "iva": 10,
    "reference_unit": "1 Kg",
    "date": "2023-01-17"
  },
  {
    "id": 25013,
    "name": "Palitos Perro Stick Salmón VITALITY",
    "description": "Palitos Perro Stick Salmón 200 Gr",
    "category": "Snacks",
    "url": "https://tienda.consum.es/es/p/palitos-perro-stick-salmon/7346828",
    "price": 1.15,
    "reference_price": 5.75,
    "iva": 10,
    "reference_unit": "1 Kg",
    "date": "2023-01-17"
  },
  {
    "id": 25017,
    "name": "Pañal Bebé Activity T 6 + 13 Kilos DODOT",
    "description": "Pañal Bebé Activity T 6 + 13 Kilos 46 U",
    "category": "Junior: Talla de 4 a 6",
    "url": "https://tienda.consum.es/es/p/panal-bebe-activity-t-6-13-kilos/7359578",
    "price": 25.49,
    "reference_price": 0.55,
    "iva": 21,
    "reference_unit": "1 U",
    "date": "2023-01-17"
  },
  {
    "id": 25019,
    "name": "Limpiador Gel WC Con Lejía CONSUM",
    "description": "Limpiador Gel WC Con Lejía 1 L",
    "category": "Limpieza baños",
    "url": "https://tienda.consum.es/es/p/limpiador-gel-wc-con-lejia/7360386",
    "price": 1,
    "reference_price": 1,
    "iva": 21,
    "reference_unit": "1 L",
    "date": "2023-01-17"
  },
  {
    "id": 25023,
    "name": "Queso Mezcla Reserva Leche Cruda EL PASTOR",
    "description": "Queso Mezcla Reserva Leche Cruda 375 Gr",
    "category": "Quesos Curados",
    "url": "https://tienda.consum.es/es/p/queso-mezcla-reserva-leche-cruda/7361926",
    "price": 5.53,
    "reference_price": 14.75,
    "iva": 0,
    "reference_unit": "1 Kg",
    "date": "2023-01-17"
  },
  {
    "id": 25025,
    "name": "Cera Extramate NELLY",
    "description": "Cera Extramate 100 ml",
    "category": "Gel y cera",
    "url": "https://tienda.consum.es/es/p/cera-extramate/7362023",
    "price": 3.89,
    "reference_price": 3.89,
    "iva": 21,
    "reference_unit": "100 ml",
    "date": "2023-01-17"
  },
  {
    "id": 25031,
    "name": "Sal Menos 30% Sodio Paquete SAL COSTA",
    "description": "Sal Menos 30% Sodio Paquete 900 Gr",
    "category": "Sal y especias",
    "url": "https://tienda.consum.es/es/p/sal-menos-30-sodio-paquete/7362507",
    "price": 3.39,
    "reference_price": 3.77,
    "iva": 10,
    "reference_unit": "1 Kg",
    "date": "2023-01-17"
  },
  {
    "id": 25039,
    "name": "Limpiador Jabonoso Para Madera CONSUM",
    "description": "Limpiador Jabonoso Para Madera 1 L",
    "category": "Limpieza hogar",
    "url": "https://tienda.consum.es/es/p/limpiador-jabonoso-para-madera/7360381",
    "price": 1.5,
    "reference_price": 1.5,
    "iva": 21,
    "reference_unit": "1 L",
    "date": "2023-01-17"
  },
  {
    "id": 25040,
    "name": "Hidroalcohólico ANIAN",
    "description": "Hidroalcohólico 300 ml",
    "category": "Gel de manos",
    "url": "https://tienda.consum.es/es/p/hidroalcoholico/7360840",
    "price": 2.99,
    "reference_price": 1,
    "iva": 21,
    "reference_unit": "100 ml",
    "date": "2023-01-17"
  },
  {
    "id": 25041,
    "name": "Crema Noche Lift+ Botology DIADERMINE",
    "description": "Crema Noche Lift+ Botology 50 ml",
    "category": "Hidratación",
    "url": "https://tienda.consum.es/es/p/crema-noche-lift-botology/7361848",
    "price": 9.99,
    "reference_price": 19.98,
    "iva": 21,
    "reference_unit": "100 ml",
    "date": "2023-01-17"
  },
  {
    "id": 25042,
    "name": "Perfilador de Cejas Slim 01 MAYBELLINE",
    "description": "Perfilador de Cejas Slim 01 1 U",
    "category": "Ojos",
    "url": "https://tienda.consum.es/es/p/perfilador-de-cejas-slim-01/7361892",
    "price": 6.99,
    "reference_price": 6.99,
    "iva": 21,
    "reference_unit": "1 U",
    "date": "2023-01-17"
  },
  {
    "id": 25043,
    "name": "Aceite Multiusos Spray con Cánula, 270 cc GARLEY",
    "description": "Aceite Multiusos Spray con Cánula, 270 cc 1 U",
    "category": "Otros bricolaje",
    "url": "https://tienda.consum.es/es/p/aceite-multiusos-spray-con-canula-270-cc/7362445",
    "price": 1.95,
    "reference_price": 1.95,
    "iva": 21,
    "reference_unit": "1 U",
    "date": "2023-01-17"
  },
  {
    "id": 25051,
    "name": "Barrita Cereales Lion NESTLE",
    "description": "Barrita Cereales Lion 6 x 25 Gr",
    "category": "Barritas ",
    "url": "https://tienda.consum.es/es/p/barrita-cereales-lion/7362627",
    "price": 2.69,
    "reference_price": 17.93,
    "iva": 10,
    "reference_unit": "1 Kg",
    "date": "2023-01-17"
  },
  {
    "id": 25059,
    "name": "Café Ristretto 20 Cápsulas MARCILLA",
    "description": "Café Ristretto 20 Cápsulas 20 U",
    "category": "Café en cápsulas",
    "url": "https://tienda.consum.es/es/p/cafe-ristretto-20-capsulas/7363153",
    "price": 5.99,
    "reference_price": 0.3,
    "iva": 10,
    "reference_unit": "1 U",
    "date": "2023-01-17"
  },
  {
    "id": 25060,
    "name": "Café Intenso 20 Cápsulas MARCILLA",
    "description": "Café Intenso 20 Cápsulas 20 U",
    "category": "Café en cápsulas",
    "url": "https://tienda.consum.es/es/p/cafe-intenso-20-capsulas/7363158",
    "price": 5.99,
    "reference_price": 0.3,
    "iva": 10,
    "reference_unit": "1 U",
    "date": "2023-01-17"
  },
  {
    "id": 25062,
    "name": "Café Descafeinado 20 Cápsulas MARCILLA",
    "description": "Café Descafeinado 20 Cápsulas 20 U",
    "category": "Café en cápsulas",
    "url": "https://tienda.consum.es/es/p/cafe-descafeinado-20-capsulas/7363166",
    "price": 5.99,
    "reference_price": 0.3,
    "iva": 10,
    "reference_unit": "1 U",
    "date": "2023-01-17"
  },
  {
    "id": 25069,
    "name": "Galletas Perro Rellenas Pollo-Buey-Salmón VITALITY",
    "description": "Galletas Perro Rellenas Pollo-Buey-Salmón 350 Gr",
    "category": "Snacks",
    "url": "https://tienda.consum.es/es/p/galletas-perro-rellenas-pollo-buey-salmon/7338932",
    "price": 1.3,
    "reference_price": 3.71,
    "iva": 10,
    "reference_unit": "1 Kg",
    "date": "2023-01-17"
  },
  {
    "id": 25071,
    "name": "Pañal Braguita Talla 5 de 13 a 20 Kilos CONSUM KIDS",
    "description": "Pañal Braguita Talla 5 de 13 a 20 Kilos 23 U",
    "category": "Junior: Talla de 4 a 6",
    "url": "https://tienda.consum.es/es/p/panal-braguita-talla-5-de-13-a-20-kilos/7349512",
    "price": 6.99,
    "reference_price": 0.3,
    "iva": 21,
    "reference_unit": "1 U",
    "date": "2023-01-17"
  },
  {
    "id": 25072,
    "name": "Pañal Braguita Talla 6 de 16 a 25 Kilos CONSUM KIDS",
    "description": "Pañal Braguita Talla 6 de 16 a 25 Kilos 21 U",
    "category": "Junior: Talla de 4 a 6",
    "url": "https://tienda.consum.es/es/p/panal-braguita-talla-6-de-16-a-25-kilos/7349517",
    "price": 6.99,
    "reference_price": 0.33,
    "iva": 21,
    "reference_unit": "1 U",
    "date": "2023-01-17"
  },
  {
    "id": 25073,
    "name": "Atún Claro Natural Pack de 6 CONSUM",
    "description": "Atún Claro Natural Pack de 6 6 x 56 Gr",
    "category": "Atún y bonito",
    "url": "https://tienda.consum.es/es/p/atun-claro-natural-pack-de-6/7358620",
    "price": 4.55,
    "reference_price": 13.54,
    "iva": 10,
    "reference_unit": "1 Kg",
    "date": "2023-01-17"
  },
  {
    "id": 25074,
    "name": "Higienizante para Frutas y Verduras SANICENTRO",
    "description": "Higienizante para Frutas y Verduras 750 ml",
    "category": "Limpieza hogar",
    "url": "https://tienda.consum.es/es/p/higienizante-para-frutas-y-verduras/7359615",
    "price": 1.99,
    "reference_price": 2.65,
    "iva": 21,
    "reference_unit": "1 L",
    "date": "2023-01-17"
  },
  {
    "id": 25087,
    "name": "Café Grano Colombia L'OR",
    "description": "Café Grano Colombia 500 Gr",
    "category": "Café Grano",
    "url": "https://tienda.consum.es/es/p/cafe-grano-colombia/7363398",
    "price": 11.79,
    "reference_price": 23.58,
    "iva": 10,
    "reference_unit": "1 Kg",
    "date": "2023-01-17"
  },
  {
    "id": 25096,
    "name": "Jabón de Manos Jaboom Aroma Fresa y Nata CONSUM KIDS",
    "description": "Jabón de Manos Jaboom Aroma Fresa y Nata 500 ml",
    "category": "Cuidado corporal",
    "url": "https://tienda.consum.es/es/p/jabon-de-manos-jaboom-aroma-fresa-y-nata/7348113",
    "price": 1.2,
    "reference_price": 0.24,
    "iva": 21,
    "reference_unit": "100 ml",
    "date": "2023-01-17"
  },
  {
    "id": 25097,
    "name": "Pañal Bebé Activity T 3 6-10 Kilos DODOT",
    "description": "Pañal Bebé Activity T 3 6-10 Kilos 66 U",
    "category": "Bebé: Talla de 0 a 3",
    "url": "https://tienda.consum.es/es/p/panal-bebe-activity-t-3-6-10-kilos/7359557",
    "price": 26.99,
    "reference_price": 0.41,
    "iva": 21,
    "reference_unit": "1 U",
    "date": "2023-01-17"
  },
  {
    "id": 25098,
    "name": "Café Espresso Colombia Cápsulas L'OR",
    "description": "Café Espresso Colombia Cápsulas 20 U",
    "category": "Café en cápsulas",
    "url": "https://tienda.consum.es/es/p/cafe-espresso-colombia-capsulas/7361517",
    "price": 7.79,
    "reference_price": 0.39,
    "iva": 10,
    "reference_unit": "1 U",
    "date": "2023-01-17"
  },
  {
    "id": 25101,
    "name": "Detergente Gel Azul Plancha Fácil WIPP",
    "description": "Detergente Gel Azul Plancha Fácil 30 Lv",
    "category": "A máquina líquido",
    "url": "https://tienda.consum.es/es/p/detergente-gel-azul-plancha-facil/7362929",
    "price": 7.15,
    "reference_price": 0.24,
    "iva": 21,
    "reference_unit": "1 Lv",
    "date": "2023-01-17"
  },
  {
    "id": 25104,
    "name": "Queso Maasdam Lonchas JUAN LUNA",
    "description": "Queso Maasdam Lonchas 200 Gr",
    "category": "Emmental y gruyere",
    "url": "https://tienda.consum.es/es/p/queso-maasdam-lonchas/7363401",
    "price": 2.88,
    "reference_price": 14.4,
    "iva": 0,
    "reference_unit": "1 Kg",
    "date": "2023-01-17"
  },
  {
    "id": 25105,
    "name": "Infusión Ansiemin 20 Bolsitas POMPADOUR",
    "description": "Infusión Ansiemin 20 Bolsitas 20 U",
    "category": "Otras infusiones",
    "url": "https://tienda.consum.es/es/p/infusion-ansiemin-20-bolsitas/7363443",
    "price": 2.75,
    "reference_price": 0.14,
    "iva": 10,
    "reference_unit": "1 U",
    "date": "2023-01-17"
  },
  {
    "id": 25106,
    "name": "Infusión Ultralax 20 Bolsitas POMPADOUR",
    "description": "Infusión Ultralax 20 Bolsitas 20 U",
    "category": "Otras infusiones",
    "url": "https://tienda.consum.es/es/p/infusion-ultralax-20-bolsitas/7363450",
    "price": 2.75,
    "reference_price": 0.14,
    "iva": 10,
    "reference_unit": "1 U",
    "date": "2023-01-17"
  },
  {
    "id": 25109,
    "name": "Cubo Turbo Smart 10 L VILEDA",
    "description": "Cubo Turbo Smart 10 L 1 U",
    "category": "Cubos y barreños",
    "url": "https://tienda.consum.es/es/p/cubo-turbo-smart-10-l/7363559",
    "price": 32.9,
    "reference_price": 32.9,
    "iva": 21,
    "reference_unit": "1 U",
    "date": "2023-01-17"
  },
  {
    "id": 25110,
    "name": "Fideos Blancos y Negros VAHINE",
    "description": "Fideos Blancos y Negros 71 Gr",
    "category": "Repostería para preparar",
    "url": "https://tienda.consum.es/es/p/fideos-blancos-y-negros/7363844",
    "price": 2.05,
    "reference_price": 28.87,
    "iva": 10,
    "reference_unit": "1 Kg",
    "date": "2023-01-17"
  },
  {
    "id": 25127,
    "name": "Te Verde 20 Bolsitas CONSUM",
    "description": "Te Verde 20 Bolsitas 20 U",
    "category": "Té",
    "url": "https://tienda.consum.es/es/p/te-verde-20-bolsitas/7342400",
    "price": 0.65,
    "reference_price": 0.03,
    "iva": 10,
    "reference_unit": "1 U",
    "date": "2023-01-17"
  },
  {
    "id": 25128,
    "name": "Gel de Baño Leche y Avena KYREY",
    "description": "Gel de Baño Leche y Avena 750 ml",
    "category": "Gel de baño",
    "url": "https://tienda.consum.es/es/p/gel-de-bano-leche-y-avena/7349546",
    "price": 1.2,
    "reference_price": 0.16,
    "iva": 21,
    "reference_unit": "100 ml",
    "date": "2023-01-17"
  },
  {
    "id": 25129,
    "name": "Gel de Baño Marino KYREY",
    "description": "Gel de Baño Marino 750 ml",
    "category": "Gel de baño",
    "url": "https://tienda.consum.es/es/p/gel-de-bano-marino/7349558",
    "price": 1.35,
    "reference_price": 0.18,
    "iva": 21,
    "reference_unit": "100 ml",
    "date": "2023-01-17"
  },
  {
    "id": 25130,
    "name": "Queso Roquefort DOP F.OCCITANES",
    "description": "Queso Roquefort DOP 100 Gr",
    "category": "Roquefort y azules",
    "url": "https://tienda.consum.es/es/p/queso-roquefort-dop/7360548",
    "price": 1.82,
    "reference_price": 18.2,
    "iva": 0,
    "reference_unit": "1 Kg",
    "date": "2023-01-17"
  },
  {
    "id": 25133,
    "name": "Queso Rallado Proteinico EATLEAN",
    "description": "Queso Rallado Proteinico 180 Gr",
    "category": "Quesos Rallados",
    "url": "https://tienda.consum.es/es/p/queso-rallado-proteinico/7363104",
    "price": 3.41,
    "reference_price": 18.94,
    "iva": 0,
    "reference_unit": "1 Kg",
    "date": "2023-01-17"
  },
  {
    "id": 25145,
    "name": "Pechuga de Pavo al Punto de Sal Pack de 2 ALDELIS",
    "description": "Pechuga de Pavo al Punto de Sal Pack de 2 2 x 52 Gr",
    "category": "Conservas",
    "url": "https://tienda.consum.es/es/p/pechuga-de-pavo-al-punto-de-sal-pack-de-2/7363807",
    "price": 2.39,
    "reference_price": 22.98,
    "iva": 10,
    "reference_unit": "1 Kg",
    "date": "2023-01-17"
  },
  {
    "id": 25146,
    "name": "Aceite Hidratante Rosa Mosqueta FLOR DE MAYO",
    "description": "Aceite Hidratante Rosa Mosqueta 200 ml",
    "category": "Body-lociones",
    "url": "https://tienda.consum.es/es/p/aceite-hidratante-rosa-mosqueta/7363823",
    "price": 2.95,
    "reference_price": 1.48,
    "iva": 21,
    "reference_unit": "100 ml",
    "date": "2023-01-17"
  },
  {
    "id": 25147,
    "name": "Pan de Leche 0% Azúcares DULCESOL",
    "description": "Pan de Leche 0% Azúcares 210 Gr",
    "category": "Bollería industrial",
    "url": "https://tienda.consum.es/es/p/pan-de-leche-0-azucares/7363836",
    "price": 1.45,
    "reference_price": 6.9,
    "iva": 10,
    "reference_unit": "1 Kg",
    "date": "2023-01-17"
  },
  {
    "id": 25148,
    "name": "Vino Blanco D.O.Valencia J. DE JUANES",
    "description": "Vino Blanco D.O.Valencia 0,75 L",
    "category": "Vinos d.o",
    "url": "https://tienda.consum.es/es/p/vino-blanco-dovalencia/7363930",
    "price": 2.9,
    "reference_price": 3.87,
    "iva": 21,
    "reference_unit": "1 L",
    "date": "2023-01-17"
  },
  {
    "id": 25150,
    "name": "Crema Cuerpo Protectora Vital Oils EUDERMIN",
    "description": "Crema Cuerpo Protectora Vital Oils 400 ml",
    "category": "Body-lociones",
    "url": "https://tienda.consum.es/es/p/crema-cuerpo-protectora-vital-oils/7363943",
    "price": 4.45,
    "reference_price": 1.11,
    "iva": 21,
    "reference_unit": "100 ml",
    "date": "2023-01-17"
  },
  {
    "id": 25151,
    "name": "Quitamanchas En Polvo Oxi Advance VANISH",
    "description": "Quitamanchas En Polvo Oxi Advance 400 Gr",
    "category": "Aditivos y complementos",
    "url": "https://tienda.consum.es/es/p/quitamanchas-en-polvo-oxi-advance/7364169",
    "price": 6.99,
    "reference_price": 17.48,
    "iva": 21,
    "reference_unit": "1 Kg",
    "date": "2023-01-17"
  },
  {
    "id": 25152,
    "name": "Potenciador del Lavado Oxi Advance VANISH",
    "description": "Potenciador del Lavado Oxi Advance 400 Gr",
    "category": "Aditivos y complementos",
    "url": "https://tienda.consum.es/es/p/potenciador-del-lavado-oxi-advance/7364193",
    "price": 6.99,
    "reference_price": 17.48,
    "iva": 21,
    "reference_unit": "1 Kg",
    "date": "2023-01-17"
  },
  {
    "id": 25154,
    "name": "Lavavajillas Concentrado ECO Pack CONSUM ECO",
    "description": "Lavavajillas Concentrado ECO Pack 1 L",
    "category": "Lavavajillas a mano",
    "url": "https://tienda.consum.es/es/p/lavavajillas-concentrado-eco-pack/7344646",
    "price": 2.19,
    "reference_price": 2.19,
    "iva": 21,
    "reference_unit": "1 L",
    "date": "2023-01-17"
  },
  {
    "id": 25155,
    "name": "Gel Limpiador Hidratante con Aloe Vera KYREY",
    "description": "Gel Limpiador Hidratante con Aloe Vera 200 ml",
    "category": "Limpieza y desmaquilladores",
    "url": "https://tienda.consum.es/es/p/gel-limpiador-hidratante-con-aloe-vera/7345908",
    "price": 2.55,
    "reference_price": 1.28,
    "iva": 21,
    "reference_unit": "100 ml",
    "date": "2023-01-17"
  },
  {
    "id": 25156,
    "name": "Palitos Perro Stick Pollo VITALITY",
    "description": "Palitos Perro Stick Pollo 200 Gr",
    "category": "Snacks",
    "url": "https://tienda.consum.es/es/p/palitos-perro-stick-pollo/7346823",
    "price": 1.15,
    "reference_price": 5.75,
    "iva": 10,
    "reference_unit": "1 Kg",
    "date": "2023-01-17"
  },
  {
    "id": 25157,
    "name": "Kétchup Light CONSUM",
    "description": "Kétchup Light 540 Gr",
    "category": "Ketchup",
    "url": "https://tienda.consum.es/es/p/ketchup-light/7351070",
    "price": 1.19,
    "reference_price": 2.2,
    "iva": 10,
    "reference_unit": "1 Kg",
    "date": "2023-01-17"
  },
  {
    "id": 25158,
    "name": "Friegasuelos Monodosis Áloe CONSUM",
    "description": "Friegasuelos Monodosis Áloe 20 U",
    "category": "Limpieza hogar",
    "url": "https://tienda.consum.es/es/p/friegasuelos-monodosis-aloe/7354447",
    "price": 2.59,
    "reference_price": 0.13,
    "iva": 21,
    "reference_unit": "1 U",
    "date": "2023-01-17"
  },
  {
    "id": 25159,
    "name": "Dados de Queso 100% Cabra JUAN LUNA",
    "description": "Dados de Queso 100% Cabra 100 Gr",
    "category": "Frescos y para ensaladas",
    "url": "https://tienda.consum.es/es/p/dados-de-queso-100-cabra/7362952",
    "price": 2.07,
    "reference_price": 20.7,
    "iva": 0,
    "reference_unit": "1 Kg",
    "date": "2023-01-17"
  },
  {
    "id": 25162,
    "name": "Gel Higienizante Manos Coco CARAVAN",
    "description": "Gel Higienizante Manos Coco 100 ml",
    "category": "Gel de manos",
    "url": "https://tienda.consum.es/es/p/gel-higienizante-manos-coco/7363539",
    "price": 1.95,
    "reference_price": 1.95,
    "iva": 21,
    "reference_unit": "100 ml",
    "date": "2023-01-17"
  },
  {
    "id": 25163,
    "name": "Boquerones Aceite de Oliva 6/10 CABO PEÑAS",
    "description": "Boquerones Aceite de Oliva 6/10 60 Gr",
    "category": "Conservas, aceites y condimentos",
    "url": "https://tienda.consum.es/es/p/boquerones-aceite-de-oliva-6/10/7363794",
    "price": 1.85,
    "reference_price": 30.83,
    "iva": 10,
    "reference_unit": "1 Kg",
    "date": "2023-01-17"
  },
  {
    "id": 25167,
    "name": "Jabón Manos Hidratante SANYTOL",
    "description": "Jabón Manos Hidratante 250 ml",
    "category": "Gel de manos",
    "url": "https://tienda.consum.es/es/p/jabon-manos-hidratante/7363927",
    "price": 2.65,
    "reference_price": 1.06,
    "iva": 21,
    "reference_unit": "100 ml",
    "date": "2023-01-17"
  },
  {
    "id": 25171,
    "name": "Kit Kat Mini NESTLE",
    "description": "Kit Kat Mini 200 Gr",
    "category": "Chocolatinas y bombones",
    "url": "https://tienda.consum.es/es/p/kit-kat-mini/7364545",
    "price": 1.99,
    "reference_price": 9.95,
    "iva": 10,
    "reference_unit": "1 Kg",
    "date": "2023-01-17"
  },
  {
    "id": 25172,
    "name": "Yogur Griego Oikos Sabor Lima Limón DANONE",
    "description": "Yogur Griego Oikos Sabor Lima Limón 4 x 110 Gr",
    "category": "Cremosos y enriquecidos",
    "url": "https://tienda.consum.es/es/p/yogur-griego-oikos-sabor-lima-limon/7364607",
    "price": 2.69,
    "reference_price": 6.11,
    "iva": 10,
    "reference_unit": "1 Kg",
    "date": "2023-01-17"
  },
  {
    "id": 25174,
    "name": "Esmalte Gel Effect G03 Chocolate GIO GIOVANNI",
    "description": "Esmalte Gel Effect G03 Chocolate 1 U",
    "category": "Uñas",
    "url": "https://tienda.consum.es/es/p/esmalte-gel-effect-g03-chocolate/7187727",
    "price": 1.85,
    "reference_price": 1.85,
    "iva": 21,
    "reference_unit": "1 U",
    "date": "2023-01-17"
  },
  {
    "id": 25176,
    "name": "Te Rojo 20 Bolsitas CONSUM",
    "description": "Te Rojo 20 Bolsitas 20 U",
    "category": "Té",
    "url": "https://tienda.consum.es/es/p/te-rojo-20-bolsitas/7342397",
    "price": 1,
    "reference_price": 0.05,
    "iva": 10,
    "reference_unit": "1 U",
    "date": "2023-01-17"
  },
  {
    "id": 25177,
    "name": "Gel de Baño Violeta KYREY",
    "description": "Gel de Baño Violeta 750 ml",
    "category": "Gel de baño",
    "url": "https://tienda.consum.es/es/p/gel-de-bano-violeta/7349541",
    "price": 1.35,
    "reference_price": 0.18,
    "iva": 21,
    "reference_unit": "100 ml",
    "date": "2023-01-17"
  },
  {
    "id": 25178,
    "name": "Gel de Baño Oliva KYREY",
    "description": "Gel de Baño Oliva 750 ml",
    "category": "Gel de baño",
    "url": "https://tienda.consum.es/es/p/gel-de-bano-oliva/7349553",
    "price": 1.2,
    "reference_price": 0.16,
    "iva": 21,
    "reference_unit": "100 ml",
    "date": "2023-01-17"
  },
  {
    "id": 25179,
    "name": "Labial 116 Caramels L'OREAL",
    "description": "Labial 116 Caramels 1 U",
    "category": "Labiales",
    "url": "https://tienda.consum.es/es/p/labial-116-caramels/7349772",
    "price": 10.9,
    "reference_price": 10.9,
    "iva": 21,
    "reference_unit": "1 U",
    "date": "2023-01-17"
  },
  {
    "id": 25180,
    "name": "Labial 113 Caramels L'OREAL",
    "description": "Labial 113 Caramels 1 U",
    "category": "Labiales",
    "url": "https://tienda.consum.es/es/p/labial-113-caramels/7349777",
    "price": 10.9,
    "reference_price": 10.9,
    "iva": 21,
    "reference_unit": "1 U",
    "date": "2023-01-17"
  },
  {
    "id": 25182,
    "name": "Flan de Queso CONSUM",
    "description": "Flan de Queso 4 x 100 Gr",
    "category": "Flanes",
    "url": "https://tienda.consum.es/es/p/flan-de-queso/7354590",
    "price": 2,
    "reference_price": 5,
    "iva": 10,
    "reference_unit": "1 Kg",
    "date": "2023-01-17"
  },
  {
    "id": 25190,
    "name": "Crema Día Hidratante Piel Normal/Mixta SPF30 NIVEA",
    "description": "Crema Día Hidratante Piel Normal/Mixta SPF30 50 ml",
    "category": "Hidratación",
    "url": "https://tienda.consum.es/es/p/crema-dia-hidratante-piel-normal/mixta-spf30/7363872",
    "price": 6.35,
    "reference_price": 12.7,
    "iva": 21,
    "reference_unit": "100 ml",
    "date": "2023-01-17"
  },
  {
    "id": 25191,
    "name": "Crema Día Nutre+Hidrata Piel Seca SPF 30 NIVEA",
    "description": "Crema Día Nutre+Hidrata Piel Seca SPF 30 50 ml",
    "category": "Hidratación",
    "url": "https://tienda.consum.es/es/p/crema-dia-nutrehidrata-piel-seca-spf-30/7363877",
    "price": 6.35,
    "reference_price": 12.7,
    "iva": 21,
    "reference_unit": "100 ml",
    "date": "2023-01-17"
  },
  {
    "id": 25215,
    "name": "Champú Rizos Pro 440 SYOSS",
    "description": "Champú Rizos Pro 440 440 ml",
    "category": "Champú",
    "url": "https://tienda.consum.es/es/p/champu-rizos-pro-440/7364417",
    "price": 3.89,
    "reference_price": 0.88,
    "iva": 21,
    "reference_unit": "100 ml",
    "date": "2023-01-17"
  },
  {
    "id": 25216,
    "name": "Champú Salon Plex SYOSS",
    "description": "Champú Salon Plex 440 ml",
    "category": "Champú",
    "url": "https://tienda.consum.es/es/p/champu-salon-plex/7364420",
    "price": 3.89,
    "reference_price": 0.88,
    "iva": 21,
    "reference_unit": "100 ml",
    "date": "2023-01-17"
  },
  {
    "id": 25218,
    "name": "Acondicionador Rizos Pro SYOSS",
    "description": "Acondicionador Rizos Pro 440 ml",
    "category": "Acondicionadores",
    "url": "https://tienda.consum.es/es/p/acondicionador-rizos-pro/7364433",
    "price": 3.89,
    "reference_price": 0.88,
    "iva": 21,
    "reference_unit": "100 ml",
    "date": "2023-01-17"
  },
  {
    "id": 25223,
    "name": "Pipas El Piponazo Origina Bolsa GREFUSA",
    "description": "Pipas El Piponazo Origina Bolsa 119 Gr",
    "category": "Pipas",
    "url": "https://tienda.consum.es/es/p/pipas-el-piponazo-origina-bolsa/7364628",
    "price": 1.85,
    "reference_price": 15.55,
    "iva": 10,
    "reference_unit": "1 Kg",
    "date": "2023-01-17"
  },
  {
    "id": 25224,
    "name": "Crema Cacao Chocoleche 0% Azúcar NOCILLA",
    "description": "Crema Cacao Chocoleche 0% Azúcar 180 Gr",
    "category": "Cremas de desayuno",
    "url": "https://tienda.consum.es/es/p/crema-cacao-chocoleche-0-azucar/7364685",
    "price": 2.55,
    "reference_price": 14.17,
    "iva": 10,
    "reference_unit": "1 Kg",
    "date": "2023-01-17"
  },
  {
    "id": 25225,
    "name": "Limpia Vitrocerámicas Inducción Pistola VITROCLEN",
    "description": "Limpia Vitrocerámicas Inducción Pistola 0,45 L",
    "category": "Limpieza cocina",
    "url": "https://tienda.consum.es/es/p/limpia-vitroceramicas-induccion-pistola/7364763",
    "price": 6.79,
    "reference_price": 15.09,
    "iva": 21,
    "reference_unit": "1 L",
    "date": "2023-01-17"
  },
  {
    "id": 25226,
    "name": "Bolsa para Vino Yute DIDEX",
    "description": "Bolsa para Vino Yute 1 U",
    "category": "Decoración y fiestas",
    "url": "https://tienda.consum.es/es/p/bolsa-para-vino-yute/7364917",
    "price": 1.65,
    "reference_price": 1.65,
    "iva": 21,
    "reference_unit": "1 U",
    "date": "2023-01-17"
  },
  {
    "id": 25227,
    "name": "Fideo Nº 0 Paquete GALLO",
    "description": "Fideo Nº 0 Paquete 450 Gr",
    "category": "Fideos y sopas",
    "url": "https://tienda.consum.es/es/p/fideo-n-0-paquete/7364941",
    "price": 1.33,
    "reference_price": 2.96,
    "iva": 5,
    "reference_unit": "1 Kg",
    "date": "2023-01-17"
  },
  {
    "id": 25228,
    "name": "Fideo Nº 1 Paquete GALLO",
    "description": "Fideo Nº 1 Paquete 450 Gr",
    "category": "Fideos y sopas",
    "url": "https://tienda.consum.es/es/p/fideo-n-1-paquete/7364953",
    "price": 1.33,
    "reference_price": 2.96,
    "iva": 5,
    "reference_unit": "1 Kg",
    "date": "2023-01-17"
  },
  {
    "id": 25229,
    "name": "Fideo Nº 2 Paquete GALLO",
    "description": "Fideo Nº 2 Paquete 450 Gr",
    "category": "Fideos y sopas",
    "url": "https://tienda.consum.es/es/p/fideo-n-2-paquete/7364961",
    "price": 1.33,
    "reference_price": 2.96,
    "iva": 5,
    "reference_unit": "1 Kg",
    "date": "2023-01-17"
  },
  {
    "id": 25230,
    "name": "Fideo Nº 4 Paquete GALLO",
    "description": "Fideo Nº 4 Paquete 450 Gr",
    "category": "Fideos y sopas",
    "url": "https://tienda.consum.es/es/p/fideo-n-4-paquete/7364979",
    "price": 1.33,
    "reference_price": 2.96,
    "iva": 5,
    "reference_unit": "1 Kg",
    "date": "2023-01-17"
  },
  {
    "id": 25231,
    "name": "Fideua Paquete GALLO",
    "description": "Fideua Paquete 450 Gr",
    "category": "Fideos y sopas",
    "url": "https://tienda.consum.es/es/p/fideua-paquete/7364990",
    "price": 1.33,
    "reference_price": 2.96,
    "iva": 5,
    "reference_unit": "1 Kg",
    "date": "2023-01-17"
  },
  {
    "id": 25232,
    "name": "Pasta Mariscos Paquete GALLO",
    "description": "Pasta Mariscos Paquete 450 Gr",
    "category": "Otras pastas secas",
    "url": "https://tienda.consum.es/es/p/pasta-mariscos-paquete/7364995",
    "price": 1.33,
    "reference_price": 2.96,
    "iva": 5,
    "reference_unit": "1 Kg",
    "date": "2023-01-17"
  },
  {
    "id": 25233,
    "name": "Tiburón Nº 1 Paquete GALLO",
    "description": "Tiburón Nº 1 Paquete 450 Gr",
    "category": "Otras pastas secas",
    "url": "https://tienda.consum.es/es/p/tiburon-n-1-paquete/7365000",
    "price": 1.33,
    "reference_price": 2.96,
    "iva": 5,
    "reference_unit": "1 Kg",
    "date": "2023-01-17"
  },
  {
    "id": 25235,
    "name": "Pasta Piñones Paquete GALLO",
    "description": "Pasta Piñones Paquete 450 Gr",
    "category": "Otras pastas secas",
    "url": "https://tienda.consum.es/es/p/pasta-pinones-paquete/7365013",
    "price": 1.33,
    "reference_price": 2.96,
    "iva": 5,
    "reference_unit": "1 Kg",
    "date": "2023-01-17"
  },
  {
    "id": 25241,
    "name": "Manzanilla con Anís 20 bolsitas CONSUM",
    "description": "Manzanilla con Anís 20 bolsitas 20 U",
    "category": "Otras infusiones",
    "url": "https://tienda.consum.es/es/p/manzanilla-con-anis-20-bolsitas/7342384",
    "price": 0.75,
    "reference_price": 0.04,
    "iva": 10,
    "reference_unit": "1 U",
    "date": "2023-01-17"
  },
  {
    "id": 25242,
    "name": "Té Negro 20 Bolsitas CONSUM",
    "description": "Té Negro 20 Bolsitas 20 U",
    "category": "Té",
    "url": "https://tienda.consum.es/es/p/te-negro-20-bolsitas/7342405",
    "price": 0.7,
    "reference_price": 0.04,
    "iva": 10,
    "reference_unit": "1 U",
    "date": "2023-01-17"
  },
  {
    "id": 25243,
    "name": "Tila 20 Bolsitas CONSUM",
    "description": "Tila 20 Bolsitas 20 U",
    "category": "Otras infusiones",
    "url": "https://tienda.consum.es/es/p/tila-20-bolsitas/7342413",
    "price": 0.7,
    "reference_price": 0.04,
    "iva": 10,
    "reference_unit": "1 U",
    "date": "2023-01-17"
  },
  {
    "id": 25254,
    "name": "Desinfectante Textil LYSOL",
    "description": "Desinfectante Textil 0,72 L",
    "category": "Aditivos y complementos",
    "url": "https://tienda.consum.es/es/p/desinfectante-textil/7364656",
    "price": 2.59,
    "reference_price": 3.6,
    "iva": 21,
    "reference_unit": "1 L",
    "date": "2023-01-17"
  },
  {
    "id": 25258,
    "name": "Huevo Ecológico S-M Decena MONTERDE",
    "description": "Huevo Ecológico S-M Decena 0,83 Dc",
    "category": "Huevos",
    "url": "https://tienda.consum.es/es/p/huevo-ecologico-s-m-decena/7365307",
    "price": 3.36,
    "reference_price": 4.05,
    "iva": 0,
    "reference_unit": "1 Dc",
    "date": "2023-01-17"
  },
  {
    "id": 25263,
    "name": "Anís Seco 48º 100 PECADOS",
    "description": "Anís Seco 48º 1 L",
    "category": "Licores y vermouth",
    "url": "https://tienda.consum.es/es/p/anis-seco-48/7365414",
    "price": 11.5,
    "reference_price": 11.5,
    "iva": 21,
    "reference_unit": "1 L",
    "date": "2023-01-17"
  },
  {
    "id": 25264,
    "name": "Longaniza de Pavo BOADAS",
    "description": "Longaniza de Pavo 2 x 62,5 Gr",
    "category": "Curado",
    "url": "https://tienda.consum.es/es/p/longaniza-de-pavo/7365419",
    "price": 2.79,
    "reference_price": 22.32,
    "iva": 10,
    "reference_unit": "1 Kg",
    "date": "2023-01-17"
  },
  {
    "id": 25270,
    "name": "Cóctel Frutos Secos sin Sal CONSUM",
    "description": "Cóctel Frutos Secos sin Sal 170 Gr",
    "category": "Maíz tostado y cocktail",
    "url": "https://tienda.consum.es/es/p/coctel-frutos-secos-sin-sal/7336050",
    "price": 2.15,
    "reference_price": 12.65,
    "iva": 10,
    "reference_unit": "1 Kg",
    "date": "2023-01-17"
  },
  {
    "id": 25271,
    "name": "Gel de Baño Mango KYREY",
    "description": "Gel de Baño Mango 750 ml",
    "category": "Gel de baño",
    "url": "https://tienda.consum.es/es/p/gel-de-bano-mango/7349538",
    "price": 1.35,
    "reference_price": 0.18,
    "iva": 21,
    "reference_unit": "100 ml",
    "date": "2023-01-17"
  },
  {
    "id": 25276,
    "name": "Croissant de Mantequilla 26% 1 Unidad ",
    "description": "Croissant de Mantequilla 26% 1 Unidad 65 Gr",
    "category": "Croissants y ensaimadas",
    "url": "https://tienda.consum.es/es/p/croissant-de-mantequilla-26-1-unidad/7364508",
    "price": 0.39,
    "reference_price": 6,
    "iva": 10,
    "reference_unit": "1 Kg",
    "date": "2023-01-17"
  },
  {
    "id": 25277,
    "name": "Vino Tinto Reserva D.O. Rioja FAUST.RIVERO",
    "description": "Vino Tinto Reserva D.O. Rioja 0,75 L",
    "category": "Vinos d.o",
    "url": "https://tienda.consum.es/es/p/vino-tinto-reserva-do-rioja/7364602",
    "price": 6.59,
    "reference_price": 8.79,
    "iva": 21,
    "reference_unit": "1 L",
    "date": "2023-01-17"
  },
  {
    "id": 25289,
    "name": "Batido de Chocolate Shake Vaso MILKA",
    "description": "Batido de Chocolate Shake Vaso 200 ml",
    "category": "Batidos y cafés",
    "url": "https://tienda.consum.es/es/p/batido-de-chocolate-shake-vaso/7365484",
    "price": 1.55,
    "reference_price": 7.75,
    "iva": 10,
    "reference_unit": "1 L",
    "date": "2023-01-17"
  },
  {
    "id": 25290,
    "name": "Batido Cacao Pack de 3 Minibrick MILKA",
    "description": "Batido Cacao Pack de 3 Minibrick 3 x 200 ml",
    "category": "Batidos y cafés",
    "url": "https://tienda.consum.es/es/p/batido-cacao-pack-de-3-minibrick/7365489",
    "price": 1.89,
    "reference_price": 3.15,
    "iva": 10,
    "reference_unit": "1 L",
    "date": "2023-01-17"
  },
  {
    "id": 25292,
    "name": "Bebida de Avena Barista Brik YOSOY",
    "description": "Bebida de Avena Barista Brik 1 L",
    "category": "Bebidas vegetales",
    "url": "https://tienda.consum.es/es/p/bebida-de-avena-barista-brik/7365521",
    "price": 1.85,
    "reference_price": 1.85,
    "iva": 10,
    "reference_unit": "1 L",
    "date": "2023-01-17"
  },
  {
    "id": 25294,
    "name": "Chocolate Negro Dark NESTLE",
    "description": "Chocolate Negro Dark 270 Gr",
    "category": "Tabletas",
    "url": "https://tienda.consum.es/es/p/chocolate-negro-dark/7365583",
    "price": 2.59,
    "reference_price": 9.59,
    "iva": 10,
    "reference_unit": "1 Kg",
    "date": "2023-01-17"
  },
  {
    "id": 25301,
    "name": "Arroz Ensaladas Paquete SOS",
    "description": "Arroz Ensaladas Paquete 500 Gr",
    "category": "Arroz",
    "url": "https://tienda.consum.es/es/p/arroz-ensaladas-paquete/7365729",
    "price": 1.39,
    "reference_price": 2.78,
    "iva": 0,
    "reference_unit": "1 Kg",
    "date": "2023-01-17"
  },
  {
    "id": 25302,
    "name": "Almendra Marcona Frita Doypack CASA BARBERÁ",
    "description": "Almendra Marcona Frita Doypack 150 Gr",
    "category": "Almendras",
    "url": "https://tienda.consum.es/es/p/almendra-marcona-frita-doypack/7365786",
    "price": 3.6,
    "reference_price": 24,
    "iva": 10,
    "reference_unit": "1 Kg",
    "date": "2023-01-17"
  },
  {
    "id": 25304,
    "name": "Mix Edamame Soja Doypack CASA BARBERÁ",
    "description": "Mix Edamame Soja Doypack 100 Gr",
    "category": "Maíz tostado y cocktail",
    "url": "https://tienda.consum.es/es/p/mix-edamame-soja-doypack/7365823",
    "price": 1.3,
    "reference_price": 13,
    "iva": 10,
    "reference_unit": "1 Kg",
    "date": "2023-01-17"
  },
  {
    "id": 25308,
    "name": "Ambientador con Flor Frutos Rojos TDOY",
    "description": "Ambientador con Flor Frutos Rojos 1 U",
    "category": "Continuos y decorativos",
    "url": "https://tienda.consum.es/es/p/ambientador-con-flor-frutos-rojos/7366065",
    "price": 4.19,
    "reference_price": 4.19,
    "iva": 21,
    "reference_unit": "1 U",
    "date": "2023-01-17"
  },
  {
    "id": 25311,
    "name": "Huesitos Blandos Perro Pollo y Ternerra VITALITY",
    "description": "Huesitos Blandos Perro Pollo y Ternerra 100 Gr",
    "category": "Snacks",
    "url": "https://tienda.consum.es/es/p/huesitos-blandos-perro-pollo-y-ternerra/7346831",
    "price": 1.5,
    "reference_price": 15,
    "iva": 10,
    "reference_unit": "1 Kg",
    "date": "2023-01-17"
  },
  {
    "id": 25312,
    "name": "Colonia Urban Fit NY DICORA",
    "description": "Colonia Urban Fit NY 100 ml",
    "category": "Femeninas",
    "url": "https://tienda.consum.es/es/p/colonia-urban-fit-ny/7363190",
    "price": 9.99,
    "reference_price": 9.99,
    "iva": 21,
    "reference_unit": "100 ml",
    "date": "2023-01-17"
  },
  {
    "id": 25332,
    "name": "Espinacas a la Crema Listo en 5 Minutos congeladas FINDUS",
    "description": "Espinacas a la Crema Listo en 5 Minutos congeladas 450 Gr",
    "category": "Carne, verduras y otros",
    "url": "https://tienda.consum.es/es/p/espinacas-a-la-crema-listo-en-5-minutos-congeladas/7365559",
    "price": 3.39,
    "reference_price": 7.53,
    "iva": 10,
    "reference_unit": "1 Kg",
    "date": "2023-01-17"
  },
  {
    "id": 25333,
    "name": "Vino Tinto D.O. Toro MATSU",
    "description": "Vino Tinto D.O. Toro 0,75 L",
    "category": "Vinos d.o",
    "url": "https://tienda.consum.es/es/p/vino-tinto-do-toro/7365609",
    "price": 8.19,
    "reference_price": 10.92,
    "iva": 21,
    "reference_unit": "1 L",
    "date": "2023-01-17"
  },
  {
    "id": 25338,
    "name": "Tortitas Jordi Cruz Barbacoa BICENTURY",
    "description": "Tortitas Jordi Cruz Barbacoa 123,5 Gr",
    "category": "Alimentación dietética básica",
    "url": "https://tienda.consum.es/es/p/tortitas-jordi-cruz-barbacoa/7365658",
    "price": 1.99,
    "reference_price": 16.11,
    "iva": 10,
    "reference_unit": "1 Kg",
    "date": "2023-01-17"
  },
  {
    "id": 25339,
    "name": "Snack Chocolate Blanco y Trocitos Frutos Rojos BICENTURY",
    "description": "Snack Chocolate Blanco y Trocitos Frutos Rojos 90 Gr",
    "category": "Alimentación dietética básica",
    "url": "https://tienda.consum.es/es/p/snack-chocolate-blanco-y-trocitos-frutos-rojos/7365666",
    "price": 2.59,
    "reference_price": 28.78,
    "iva": 10,
    "reference_unit": "1 Kg",
    "date": "2023-01-17"
  },
  {
    "id": 25342,
    "name": "Plumas Integrales Paquete GALLO",
    "description": "Plumas Integrales Paquete 450 Gr",
    "category": "Macarrones, espaguetis y tallarines",
    "url": "https://tienda.consum.es/es/p/plumas-integrales-paquete/7365765",
    "price": 1.79,
    "reference_price": 3.98,
    "iva": 5,
    "reference_unit": "1 Kg",
    "date": "2023-01-17"
  },
  {
    "id": 25344,
    "name": "Fideos sin Gluten Paquete GALLO",
    "description": "Fideos sin Gluten Paquete 450 Gr",
    "category": "Pastas",
    "url": "https://tienda.consum.es/es/p/fideos-sin-gluten-paquete/7365781",
    "price": 2,
    "reference_price": 4.44,
    "iva": 5,
    "reference_unit": "1 Kg",
    "date": "2023-01-17"
  },
  {
    "id": 25345,
    "name": "Spaghetti sin Gluten Paquete GALLO",
    "description": "Spaghetti sin Gluten Paquete 450 Gr",
    "category": "Macarrones, espaguetis y tallarines",
    "url": "https://tienda.consum.es/es/p/spaghetti-sin-gluten-paquete/7365799",
    "price": 2,
    "reference_price": 4.44,
    "iva": 5,
    "reference_unit": "1 Kg",
    "date": "2023-01-17"
  },
  {
    "id": 25347,
    "name": "Plumas sin Gluten Paquete GALLO",
    "description": "Plumas sin Gluten Paquete 450 Gr",
    "category": "Macarrones, espaguetis y tallarines",
    "url": "https://tienda.consum.es/es/p/plumas-sin-gluten-paquete/7365810",
    "price": 2,
    "reference_price": 4.44,
    "iva": 5,
    "reference_unit": "1 Kg",
    "date": "2023-01-17"
  },
  {
    "id": 25350,
    "name": "Ambientador Coche Frutos Rojos Ap+2 Rec TDOY",
    "description": "Ambientador Coche Frutos Rojos Ap+2 Rec 1 U",
    "category": "Continuos y decorativos",
    "url": "https://tienda.consum.es/es/p/ambientador-coche-frutos-rojos-ap2-rec/7366057",
    "price": 1.85,
    "reference_price": 1.85,
    "iva": 21,
    "reference_unit": "1 U",
    "date": "2023-01-17"
  },
  {
    "id": 25351,
    "name": "Pizza congelada La Mia Grande 4 Formaggi DR.OETKER",
    "description": "Pizza congelada La Mia Grande 4 Formaggi 400 Gr",
    "category": "Pizza congelada",
    "url": "https://tienda.consum.es/es/p/pizza-congelada-la-mia-grande-4-formaggi/7366073",
    "price": 5.69,
    "reference_price": 14.23,
    "iva": 10,
    "reference_unit": "1 Kg",
    "date": "2023-01-17"
  },
  {
    "id": 25361,
    "name": "Recambio Eléctrico 3 Evolution Flores AMBIPUR",
    "description": "Recambio Eléctrico 3 Evolution Flores 1 U",
    "category": "Eléctricos y automáticos",
    "url": "https://tienda.consum.es/es/p/recambio-electrico-3-evolution-flores/7366375",
    "price": 5.99,
    "reference_price": 5.99,
    "iva": 21,
    "reference_unit": "1 U",
    "date": "2023-01-17"
  },
  {
    "id": 25362,
    "name": "Pancakes CREAPAN",
    "description": "Pancakes 160 Gr",
    "category": "Bollería industrial",
    "url": "https://tienda.consum.es/es/p/pancakes/7366529",
    "price": 1.89,
    "reference_price": 11.81,
    "iva": 10,
    "reference_unit": "1 Kg",
    "date": "2023-01-17"
  },
  {
    "id": 25364,
    "name": "Ron Carta Negra BACARDI",
    "description": "Ron Carta Negra 0,7 L",
    "category": "Licores y vermouth",
    "url": "https://tienda.consum.es/es/p/ron-carta-negra/7366615",
    "price": 12.59,
    "reference_price": 17.99,
    "iva": 21,
    "reference_unit": "1 L",
    "date": "2023-01-17"
  },
  {
    "id": 25365,
    "name": "Whisky Scotch 8 Años DEWARS",
    "description": "Whisky Scotch 8 Años 0,7 L",
    "category": "Licores y vermouth",
    "url": "https://tienda.consum.es/es/p/whisky-scotch-8-anos/7366623",
    "price": 15.9,
    "reference_price": 22.71,
    "iva": 21,
    "reference_unit": "1 L",
    "date": "2023-01-17"
  },
  {
    "id": 25370,
    "name": "Compresa Clásica Normal KYREY",
    "description": "Compresa Clásica Normal 20 U",
    "category": "Compresas y protegeslips",
    "url": "https://tienda.consum.es/es/p/compresa-clasica-normal/7354517",
    "price": 1.31,
    "reference_price": 0.07,
    "iva": 4,
    "reference_unit": "1 U",
    "date": "2023-01-17"
  },
  {
    "id": 25371,
    "name": "Compresa Clásica Noche KYREY",
    "description": "Compresa Clásica Noche 10 U",
    "category": "Compresas y protegeslips",
    "url": "https://tienda.consum.es/es/p/compresa-clasica-noche/7354520",
    "price": 1.31,
    "reference_price": 0.13,
    "iva": 4,
    "reference_unit": "1 U",
    "date": "2023-01-17"
  },
  {
    "id": 25372,
    "name": "Chicle Fresa sin Azúcar Bote CONSUM",
    "description": "Chicle Fresa sin Azúcar Bote 100 Gr",
    "category": "Chicles, caramelos y gominolas",
    "url": "https://tienda.consum.es/es/p/chicle-fresa-sin-azucar-bote/7359016",
    "price": 1.89,
    "reference_price": 18.9,
    "iva": 10,
    "reference_unit": "1 Kg",
    "date": "2023-01-17"
  },
  {
    "id": 25373,
    "name": "Chicle Menta sin Azúcar Bote CONSUM",
    "description": "Chicle Menta sin Azúcar Bote 100 Gr",
    "category": "Chicles, caramelos y gominolas",
    "url": "https://tienda.consum.es/es/p/chicle-menta-sin-azucar-bote/7359024",
    "price": 1.89,
    "reference_price": 18.9,
    "iva": 10,
    "reference_unit": "1 Kg",
    "date": "2023-01-17"
  },
  {
    "id": 25374,
    "name": "Chicle Hierbabuena sin Azúcar Bote CONSUM",
    "description": "Chicle Hierbabuena sin Azúcar Bote 100 Gr",
    "category": "Chicles, caramelos y gominolas",
    "url": "https://tienda.consum.es/es/p/chicle-hierbabuena-sin-azucar-bote/7359029",
    "price": 1.89,
    "reference_price": 18.9,
    "iva": 10,
    "reference_unit": "1 Kg",
    "date": "2023-01-17"
  },
  {
    "id": 25375,
    "name": "Chicle Menta Regaliz sin Azúcar Bote CONSUM",
    "description": "Chicle Menta Regaliz sin Azúcar Bote 100 Gr",
    "category": "Chicles, caramelos y gominolas",
    "url": "https://tienda.consum.es/es/p/chicle-menta-regaliz-sin-azucar-bote/7359032",
    "price": 1.89,
    "reference_price": 18.9,
    "iva": 10,
    "reference_unit": "1 Kg",
    "date": "2023-01-17"
  },
  {
    "id": 25377,
    "name": "Laca de Uñas 19 Coral GIO GIOVANNI",
    "description": "Laca de Uñas 19 Coral 12 ml",
    "category": "Uñas",
    "url": "https://tienda.consum.es/es/p/laca-de-unas-19-coral/7362168",
    "price": 1.85,
    "reference_price": 1.85,
    "iva": 21,
    "reference_unit": "1 U",
    "date": "2023-01-17"
  },
  {
    "id": 25378,
    "name": "Laca de Uñas 20 Fresa GIO GIOVANNI",
    "description": "Laca de Uñas 20 Fresa 12 ml",
    "category": "Uñas",
    "url": "https://tienda.consum.es/es/p/laca-de-unas-20-fresa/7362171",
    "price": 1.85,
    "reference_price": 1.85,
    "iva": 21,
    "reference_unit": "1 U",
    "date": "2023-01-17"
  },
  {
    "id": 25380,
    "name": "Filete de Panga congelado EXKIMO",
    "description": "Filete de Panga congelado 480 Gr",
    "category": "Pescados y mariscos",
    "url": "https://tienda.consum.es/es/p/filete-de-panga-congelado/7363471",
    "price": 3.99,
    "reference_price": 8.31,
    "iva": 10,
    "reference_unit": "1 Kg",
    "date": "2023-01-17"
  },
  {
    "id": 25389,
    "name": "Bombones con Licor T-15 MON CHERI",
    "description": "Bombones con Licor T-15 158 Gr",
    "category": "Chocolatinas y bombones",
    "url": "https://tienda.consum.es/es/p/bombones-con-licor-t-15/7365372",
    "price": 4.49,
    "reference_price": 28.42,
    "iva": 10,
    "reference_unit": "1 Kg",
    "date": "2023-01-17"
  },
  {
    "id": 25393,
    "name": "Spaghetti Integral Paquete GALLO",
    "description": "Spaghetti Integral Paquete 450 Gr",
    "category": "Macarrones, espaguetis y tallarines",
    "url": "https://tienda.consum.es/es/p/spaghetti-integral-paquete/7365773",
    "price": 1.79,
    "reference_price": 3.98,
    "iva": 5,
    "reference_unit": "1 Kg",
    "date": "2023-01-17"
  },
  {
    "id": 25398,
    "name": "Exfoliante Corporal Frutos Rojos BODY NATUR",
    "description": "Exfoliante Corporal Frutos Rojos 200 ml",
    "category": "Exfoliantes",
    "url": "https://tienda.consum.es/es/p/exfoliante-corporal-frutos-rojos/7366052",
    "price": 4.99,
    "reference_price": 2.5,
    "iva": 21,
    "reference_unit": "100 ml",
    "date": "2023-01-17"
  },
  {
    "id": 25399,
    "name": "Cabeza de Cerdo de Primera LA CUINA",
    "description": "Cabeza de Cerdo de Primera 150 Gr",
    "category": "Otros cocidos",
    "url": "https://tienda.consum.es/es/p/cabeza-de-cerdo-de-primera/7366255",
    "price": 1.79,
    "reference_price": 11.93,
    "iva": 10,
    "reference_unit": "1 Kg",
    "date": "2023-01-17"
  },
  {
    "id": 25400,
    "name": "Aceite Oliva Virgen Extra Gran Selección CARBONELL",
    "description": "Aceite Oliva Virgen Extra Gran Selección 0,25 L",
    "category": "Aceite de oliva virgen y virgen extra",
    "url": "https://tienda.consum.es/es/p/aceite-oliva-virgen-extra-gran-seleccion/7366297",
    "price": 2.82,
    "reference_price": 11.28,
    "iva": 5,
    "reference_unit": "1 L",
    "date": "2023-01-17"
  },
  {
    "id": 25403,
    "name": "Papel Higiénico Húmedo SALUSTAR",
    "description": "Papel Higiénico Húmedo 12 U",
    "category": "Toallitas húmedas",
    "url": "https://tienda.consum.es/es/p/papel-higienico-humedo/7366453",
    "price": 1.85,
    "reference_price": 0.15,
    "iva": 21,
    "reference_unit": "1 U",
    "date": "2023-01-17"
  },
  {
    "id": 25406,
    "name": "Chocolate Negro 70% Dark NESTLE",
    "description": "Chocolate Negro 70% Dark 120 Gr",
    "category": "Tabletas",
    "url": "https://tienda.consum.es/es/p/chocolate-negro-70-dark/7366862",
    "price": 1.65,
    "reference_price": 13.75,
    "iva": 10,
    "reference_unit": "1 Kg",
    "date": "2023-01-17"
  },
  {
    "id": 25410,
    "name": "Gel Champú MY UNICORN",
    "description": "Gel Champú 400 ml",
    "category": "Infantiles",
    "url": "https://tienda.consum.es/es/p/gel-champu/7367014",
    "price": 2.99,
    "reference_price": 0.75,
    "iva": 21,
    "reference_unit": "100 ml",
    "date": "2023-01-17"
  },
  {
    "id": 25411,
    "name": "Colonia MICKEY",
    "description": "Colonia 200 ml",
    "category": "Infantiles",
    "url": "https://tienda.consum.es/es/p/colonia/7367019",
    "price": 5.79,
    "reference_price": 2.9,
    "iva": 21,
    "reference_unit": "100 ml",
    "date": "2023-01-17"
  },
  {
    "id": 25415,
    "name": "Palmeritas Integrales con Lino y Sesamo 135G ",
    "description": "Palmeritas Integrales con Lino y Sesamo 135G 135 Gr",
    "category": "Pastas de té",
    "url": "https://tienda.consum.es/es/p/palmeritas-integrales-con-lino-y-sesamo-135g/7367274",
    "price": 1.99,
    "reference_price": 14.74,
    "iva": 10,
    "reference_unit": "1 Kg",
    "date": "2023-01-17"
  },
  {
    "id": 25419,
    "name": "Manzanilla 20 Bolsitas CONSUM",
    "description": "Manzanilla 20 Bolsitas 20 U",
    "category": "Otras infusiones",
    "url": "https://tienda.consum.es/es/p/manzanilla-20-bolsitas/7342389",
    "price": 0.6,
    "reference_price": 0.03,
    "iva": 10,
    "reference_unit": "1 U",
    "date": "2023-01-17"
  },
  {
    "id": 25420,
    "name": "Menta Poleo 20 Bolsitas CONSUM",
    "description": "Menta Poleo 20 Bolsitas 20 U",
    "category": "Otras infusiones",
    "url": "https://tienda.consum.es/es/p/menta-poleo-20-bolsitas/7342392",
    "price": 0.55,
    "reference_price": 0.03,
    "iva": 10,
    "reference_unit": "1 U",
    "date": "2023-01-17"
  },
  {
    "id": 25422,
    "name": "Limpiador Tapicerías y Alfombras CONSUM",
    "description": "Limpiador Tapicerías y Alfombras 0,4 L",
    "category": "Limpieza hogar",
    "url": "https://tienda.consum.es/es/p/limpiador-tapicerias-y-alfombras/7351224",
    "price": 2.09,
    "reference_price": 5.23,
    "iva": 21,
    "reference_unit": "1 L",
    "date": "2023-01-17"
  },
  {
    "id": 25423,
    "name": "Tacos de Potón al Ajillo Lata CONSUM",
    "description": "Tacos de Potón al Ajillo Lata 75 Gr",
    "category": "Otras conservas pescado",
    "url": "https://tienda.consum.es/es/p/tacos-de-poton-al-ajillo-lata/7359243",
    "price": 1.45,
    "reference_price": 19.33,
    "iva": 10,
    "reference_unit": "1 Kg",
    "date": "2023-01-17"
  },
  {
    "id": 25425,
    "name": "Detergente Líquido Eco CONSUM ECO",
    "description": "Detergente Líquido Eco 1,5 L",
    "category": "A máquina líquido",
    "url": "https://tienda.consum.es/es/p/detergente-liquido-eco/7362288",
    "price": 5.59,
    "reference_price": 3.73,
    "iva": 21,
    "reference_unit": "1 L",
    "date": "2023-01-17"
  },
  {
    "id": 25441,
    "name": "Avecrem Pollo 100% Natural Estuche AVECREM",
    "description": "Avecrem Pollo 100% Natural Estuche 90 Gr",
    "category": "Concentrado y pastillas",
    "url": "https://tienda.consum.es/es/p/avecrem-pollo-100-natural-estuche/7364904",
    "price": 1.63,
    "reference_price": 18.11,
    "iva": 10,
    "reference_unit": "1 Kg",
    "date": "2023-01-17"
  },
  {
    "id": 25446,
    "name": "Bruschetta Tomate y Mozzarella KRAMBALS",
    "description": "Bruschetta Tomate y Mozzarella 70 Gr",
    "category": "Rosquilletas, picos y snacks",
    "url": "https://tienda.consum.es/es/p/bruschetta-tomate-y-mozzarella/7366883",
    "price": 0.99,
    "reference_price": 14.14,
    "iva": 10,
    "reference_unit": "1 Kg",
    "date": "2023-01-17"
  },
  {
    "id": 25447,
    "name": "Bruschetta Queso Cremoso KRAMBALS",
    "description": "Bruschetta Queso Cremoso 70 Gr",
    "category": "Rosquilletas, picos y snacks",
    "url": "https://tienda.consum.es/es/p/bruschetta-queso-cremoso/7366888",
    "price": 0.99,
    "reference_price": 14.14,
    "iva": 10,
    "reference_unit": "1 Kg",
    "date": "2023-01-17"
  },
  {
    "id": 25448,
    "name": "Barritas de Almendras Chocolate Negro 70% EL ALMENDRO",
    "description": "Barritas de Almendras Chocolate Negro 70% 4 x 25 Gr",
    "category": "Barritas ",
    "url": "https://tienda.consum.es/es/p/barritas-de-almendras-chocolate-negro-70/7366896",
    "price": 2.69,
    "reference_price": 26.9,
    "iva": 10,
    "reference_unit": "1 Kg",
    "date": "2023-01-17"
  },
  {
    "id": 25467,
    "name": "Bizcocho Mix Milk BALCONI",
    "description": "Bizcocho Mix Milk 10 U",
    "category": "Bollería industrial",
    "url": "https://tienda.consum.es/es/p/bizcocho-mix-milk/7367282",
    "price": 2.69,
    "reference_price": 0.27,
    "iva": 10,
    "reference_unit": "1 U",
    "date": "2023-01-17"
  },
  {
    "id": 25470,
    "name": "Comida Gato Seco Esterilizado TractoUrinario ULTIMA",
    "description": "Comida Gato Seco Esterilizado TractoUrinario 1,5 Kg",
    "category": "Seco",
    "url": "https://tienda.consum.es/es/p/comida-gato-seco-esterilizado-tractourinario/7367324",
    "price": 9.95,
    "reference_price": 6.63,
    "iva": 10,
    "reference_unit": "1 Kg",
    "date": "2023-01-17"
  },
  {
    "id": 25475,
    "name": "Patatas Fritas Onduladas Bolsa RUFFLES",
    "description": "Patatas Fritas Onduladas Bolsa 160 Gr",
    "category": "Patatas fritas",
    "url": "https://tienda.consum.es/es/p/patatas-fritas-onduladas-bolsa/7367691",
    "price": 1.79,
    "reference_price": 11.19,
    "iva": 10,
    "reference_unit": "1 Kg",
    "date": "2023-01-17"
  },
  {
    "id": 25510,
    "name": "Refresco Cola Zero Pack 4 Botellas Vidrio COCA-COLA",
    "description": "Refresco Cola Zero Pack 4 Botellas Vidrio 4 x 0,2 L",
    "category": "Cola",
    "url": "https://tienda.consum.es/es/p/refresco-cola-zero-pack-4-botellas-vidrio/7366441",
    "price": 4,
    "reference_price": 5,
    "iva": 21,
    "reference_unit": "1 L",
    "date": "2023-01-17"
  },
  {
    "id": 25511,
    "name": "Perfumador Líquido Ropa Blue ASEVI",
    "description": "Perfumador Líquido Ropa Blue 36 Lv",
    "category": "Droguería y limpieza",
    "url": "https://tienda.consum.es/es/p/perfumador-liquido-ropa-blue/7366664",
    "price": 3.95,
    "reference_price": 0.11,
    "iva": 21,
    "reference_unit": "1 Lv",
    "date": "2023-01-17"
  },
  {
    "id": 25538,
    "name": "P. Molde Rebanada Artes Brioche C/Toque Manteq. BIMBO",
    "description": "P. Molde Rebanada Artes Brioche C/Toque Manteq. 550 Gr",
    "category": "Pan de molde",
    "url": "https://tienda.consum.es/es/p/p-molde-rebanada-artes-brioche-c/toque-manteq/7367212",
    "price": 2.89,
    "reference_price": 5.25,
    "iva": 10,
    "reference_unit": "1 Kg",
    "date": "2023-01-17"
  },
  {
    "id": 25541,
    "name": "Humidificador Blanco Brumizador 255 Ml ",
    "description": "Humidificador Blanco Brumizador 255 Ml 1 U",
    "category": "Ambientadores",
    "url": "https://tienda.consum.es/es/p/humidificador-blanco-brumizador-255-ml/7367365",
    "price": 9.99,
    "reference_price": 9.99,
    "iva": 21,
    "reference_unit": "1 U",
    "date": "2023-01-17"
  },
  {
    "id": 25542,
    "name": "Recambio Humidificador Frutos Rojos 50 Ml MYHOME",
    "description": "Recambio Humidificador Frutos Rojos 50 Ml 1 U",
    "category": "Ambientadores",
    "url": "https://tienda.consum.es/es/p/recambio-humidificador-frutos-rojos-50-ml/7367378",
    "price": 3.99,
    "reference_price": 3.99,
    "iva": 21,
    "reference_unit": "1 U",
    "date": "2023-01-17"
  },
  {
    "id": 25545,
    "name": "Pizza Queso de Cabra y Cebolla Asada CAMPOFRÍO",
    "description": "Pizza Queso de Cabra y Cebolla Asada 360 Gr",
    "category": "Pizza refrigerada",
    "url": "https://tienda.consum.es/es/p/pizza-queso-de-cabra-y-cebolla-asada/7367761",
    "price": 3.25,
    "reference_price": 9.03,
    "iva": 10,
    "reference_unit": "1 Kg",
    "date": "2023-01-17"
  },
  {
    "id": 25550,
    "name": "Real Whey Chocolate 100% Whey Protein PROZIS",
    "description": "Real Whey Chocolate 100% Whey Protein 400 Gr",
    "category": "Para deportistas",
    "url": "https://tienda.consum.es/es/p/real-whey-chocolate-100-whey-protein/7367811",
    "price": 14.9,
    "reference_price": 37.25,
    "iva": 10,
    "reference_unit": "1 Kg",
    "date": "2023-01-17"
  },
  {
    "id": 25552,
    "name": "Mechero Curve Mini Colores Surtidos FLAM UP",
    "description": "Mechero Curve Mini Colores Surtidos 3 U",
    "category": "Barbacoa, piscina y playa",
    "url": "https://tienda.consum.es/es/p/mechero-curve-mini-colores-surtidos/7367829",
    "price": 2.5,
    "reference_price": 0.83,
    "iva": 21,
    "reference_unit": "1 U",
    "date": "2023-01-17"
  },
  {
    "id": 25553,
    "name": "Judías Planas Reducidas en Sal BONDUELLE",
    "description": "Judías Planas Reducidas en Sal 360 Gr",
    "category": "Judía verde",
    "url": "https://tienda.consum.es/es/p/judias-planas-reducidas-en-sal/7367910",
    "price": 2.55,
    "reference_price": 7.08,
    "iva": 10,
    "reference_unit": "1 Kg",
    "date": "2023-01-17"
  },
  {
    "id": 25554,
    "name": "Pila Botón CR 2032 Ultimate Lithium ENERGIZER",
    "description": "Pila Botón CR 2032 Ultimate Lithium 2 U",
    "category": "Electricidad, pilas y bombillas",
    "url": "https://tienda.consum.es/es/p/pila-boton-cr-2032-ultimate-lithium/7367923",
    "price": 5.49,
    "reference_price": 2.75,
    "iva": 21,
    "reference_unit": "1 U",
    "date": "2023-01-17"
  },
  {
    "id": 25560,
    "name": "Aceite Virgen Extra Monodosis IBERITOS",
    "description": "Aceite Virgen Extra Monodosis 16 x 10 ml",
    "category": "Otros aceites",
    "url": "https://tienda.consum.es/es/p/aceite-virgen-extra-monodosis/7368079",
    "price": 2.38,
    "reference_price": 14.88,
    "iva": 5,
    "reference_unit": "1 L",
    "date": "2023-01-17"
  },
  {
    "id": 25562,
    "name": "Vino Tinto Sin sulfitos D.O. Rioja MOARE",
    "description": "Vino Tinto Sin sulfitos D.O. Rioja 0,75 L",
    "category": "Vinos d.o",
    "url": "https://tienda.consum.es/es/p/vino-tinto-sin-sulfitos-do-rioja/7368145",
    "price": 3.99,
    "reference_price": 5.32,
    "iva": 21,
    "reference_unit": "1 L",
    "date": "2023-01-17"
  },
  {
    "id": 25563,
    "name": "Vino Tinto D.O. Almansa LAYA",
    "description": "Vino Tinto D.O. Almansa 0,75 L",
    "category": "Vinos d.o",
    "url": "https://tienda.consum.es/es/p/vino-tinto-do-almansa/7368157",
    "price": 5.99,
    "reference_price": 7.99,
    "iva": 21,
    "reference_unit": "1 L",
    "date": "2023-01-17"
  },
  {
    "id": 25571,
    "name": "Refresco Naranja sin Gas 16% Zumo CONSUM",
    "description": "Refresco Naranja sin Gas 16% Zumo 1,5 L",
    "category": "Refrescos sin gas",
    "url": "https://tienda.consum.es/es/p/refresco-naranja-sin-gas-16-zumo/7338528",
    "price": 0.98,
    "reference_price": 0.65,
    "iva": 21,
    "reference_unit": "1 L",
    "date": "2023-01-17"
  },
  {
    "id": 25580,
    "name": "Cabeza de Cerdo Primera PICKEN",
    "description": "Cabeza de Cerdo Primera",
    "category": "Otros cocidos",
    "url": "https://tienda.consum.es/es/p/cabeza-de-cerdo-primera/7366305",
    "price": 12.9,
    "reference_price": 12.9,
    "iva": 10,
    "reference_unit": "1 Kg",
    "date": "2023-01-17"
  },
  {
    "id": 25581,
    "name": "Colonia Coco Planet Fruit SAPHIR",
    "description": "Colonia Coco Planet Fruit 30 ml",
    "category": "Femeninas",
    "url": "https://tienda.consum.es/es/p/colonia-coco-planet-fruit/7366342",
    "price": 2.95,
    "reference_price": 9.83,
    "iva": 21,
    "reference_unit": "100 ml",
    "date": "2023-01-17"
  },
  {
    "id": 25582,
    "name": "Colonia Fresa y Nata Planet Fruit SAPHIR",
    "description": "Colonia Fresa y Nata Planet Fruit 30 ml",
    "category": "Femeninas",
    "url": "https://tienda.consum.es/es/p/colonia-fresa-y-nata-planet-fruit/7366347",
    "price": 2.95,
    "reference_price": 9.83,
    "iva": 21,
    "reference_unit": "100 ml",
    "date": "2023-01-17"
  },
  {
    "id": 25587,
    "name": "Cava Brut D.O. Cava JAUME SERRA",
    "description": "Cava Brut D.O. Cava 0,75 L",
    "category": "Cavas y sidras",
    "url": "https://tienda.consum.es/es/p/cava-brut-do-cava/7366649",
    "price": 4.99,
    "reference_price": 6.65,
    "iva": 21,
    "reference_unit": "1 L",
    "date": "2023-01-17"
  },
  {
    "id": 25589,
    "name": "Cava Rose D.O. Cava CARTA NEVADA",
    "description": "Cava Rose D.O. Cava 0,75 L",
    "category": "Cavas y sidras",
    "url": "https://tienda.consum.es/es/p/cava-rose-do-cava/7366677",
    "price": 5.4,
    "reference_price": 7.2,
    "iva": 21,
    "reference_unit": "1 L",
    "date": "2023-01-17"
  },
  {
    "id": 25590,
    "name": "Sidra Extra Ecológica y Vegana MAELOC",
    "description": "Sidra Extra Ecológica y Vegana 0,75 L",
    "category": "Cavas y sidras",
    "url": "https://tienda.consum.es/es/p/sidra-extra-ecologica-y-vegana/7366693",
    "price": 2.69,
    "reference_price": 3.59,
    "iva": 21,
    "reference_unit": "1 L",
    "date": "2023-01-17"
  },
  {
    "id": 25593,
    "name": "Champagne Brut D.O. Champagne LAMOTTE",
    "description": "Champagne Brut D.O. Champagne 0,75 L",
    "category": "Cavas y sidras",
    "url": "https://tienda.consum.es/es/p/champagne-brut-do-champagne/7367167",
    "price": 25.99,
    "reference_price": 34.65,
    "iva": 21,
    "reference_unit": "1 L",
    "date": "2023-01-17"
  },
  {
    "id": 25596,
    "name": "Pipas G sabor Tijuana Bolsa GREFUSA",
    "description": "Pipas G sabor Tijuana Bolsa 190 Gr",
    "category": "Pipas",
    "url": "https://tienda.consum.es/es/p/pipas-g-sabor-tijuana-bolsa/7367696",
    "price": 1.75,
    "reference_price": 9.21,
    "iva": 10,
    "reference_unit": "1 Kg",
    "date": "2023-01-17"
  },
  {
    "id": 25597,
    "name": "Máquina Depilación 3H Más 5 Recambios NEXTGEN",
    "description": "Máquina Depilación 3H Más 5 Recambios 1 U",
    "category": "Maquinillas y recambios",
    "url": "https://tienda.consum.es/es/p/maquina-depilacion-3h-mas-5-recambios/7367782",
    "price": 4.99,
    "reference_price": 4.99,
    "iva": 21,
    "reference_unit": "1 U",
    "date": "2023-01-17"
  },
  {
    "id": 25598,
    "name": "Máquina Afeitar 3H Más 5 Recambios NEXTGEN",
    "description": "Máquina Afeitar 3H Más 5 Recambios 1 U",
    "category": "Maquinillas de afeitar",
    "url": "https://tienda.consum.es/es/p/maquina-afeitar-3h-mas-5-recambios/7367790",
    "price": 4.99,
    "reference_price": 4.99,
    "iva": 21,
    "reference_unit": "1 U",
    "date": "2023-01-17"
  },
  {
    "id": 25611,
    "name": "Mollete Andaluz 2 Unidades ",
    "description": "Mollete Andaluz 2 Unidades 180 Gr",
    "category": "Pan hamburguesas y perritos",
    "url": "https://tienda.consum.es/es/p/mollete-andaluz-2-unidades/7368061",
    "price": 0.91,
    "reference_price": 5.06,
    "iva": 0,
    "reference_unit": "1 Kg",
    "date": "2023-01-17"
  },
  {
    "id": 25612,
    "name": "Crema de Calabaza y Zanahoria DON SIMON",
    "description": "Crema de Calabaza y Zanahoria 300 Gr",
    "category": "Con verduras",
    "url": "https://tienda.consum.es/es/p/crema-de-calabaza-y-zanahoria/7368082",
    "price": 1.49,
    "reference_price": 4.97,
    "iva": 10,
    "reference_unit": "1 Kg",
    "date": "2023-01-17"
  },
  {
    "id": 25614,
    "name": "Crema de Espárragos con Jamón G.BLANCA",
    "description": "Crema de Espárragos con Jamón 500 ml",
    "category": "Cremas",
    "url": "https://tienda.consum.es/es/p/crema-de-esparragos-con-jamon/7368090",
    "price": 1.89,
    "reference_price": 3.78,
    "iva": 10,
    "reference_unit": "1 L",
    "date": "2023-01-17"
  },
  {
    "id": 25616,
    "name": "Crema de Verduras DON SIMON",
    "description": "Crema de Verduras 300 Gr",
    "category": "Con verduras",
    "url": "https://tienda.consum.es/es/p/crema-de-verduras/7368103",
    "price": 1.49,
    "reference_price": 4.97,
    "iva": 10,
    "reference_unit": "1 Kg",
    "date": "2023-01-17"
  },
  {
    "id": 25617,
    "name": "Vitamina b12 NATURTIERRA",
    "description": "Vitamina b12 30 U",
    "category": "Fitoterapia",
    "url": "https://tienda.consum.es/es/p/vitamina-b12/7368116",
    "price": 3.99,
    "reference_price": 0.13,
    "iva": 10,
    "reference_unit": "1 U",
    "date": "2023-01-17"
  },
  {
    "id": 25618,
    "name": "Vitamina d3 NATURTIERRA",
    "description": "Vitamina d3 30 U",
    "category": "Fitoterapia",
    "url": "https://tienda.consum.es/es/p/vitamina-d3/7368124",
    "price": 3.99,
    "reference_price": 0.13,
    "iva": 10,
    "reference_unit": "1 U",
    "date": "2023-01-17"
  },
  {
    "id": 25621,
    "name": "Cerveza Belga Chrome Lata GORDON",
    "description": "Cerveza Belga Chrome Lata 0,5 L",
    "category": "Cervezas",
    "url": "https://tienda.consum.es/es/p/cerveza-belga-chrome-lata/7368269",
    "price": 1.25,
    "reference_price": 2.5,
    "iva": 21,
    "reference_unit": "1 L",
    "date": "2023-01-17"
  },
  {
    "id": 25625,
    "name": "Mini Hojaldritos Variados 12 Unidades ",
    "description": "Mini Hojaldritos Variados 12 Unidades 216 Gr",
    "category": "Napolitanas y croissants",
    "url": "https://tienda.consum.es/es/p/mini-hojaldritos-variados-12-unidades/7368533",
    "price": 1.25,
    "reference_price": 5.79,
    "iva": 10,
    "reference_unit": "1 Kg",
    "date": "2023-01-17"
  },
  {
    "id": 25629,
    "name": "Mopa Atrapapolvo Más 10 Recambios CONSUM",
    "description": "Mopa Atrapapolvo Más 10 Recambios 1 U",
    "category": "Mopas",
    "url": "https://tienda.consum.es/es/p/mopa-atrapapolvo-mas-10-recambios/7332737",
    "price": 3.3,
    "reference_price": 3.3,
    "iva": 21,
    "reference_unit": "1 U",
    "date": "2023-01-17"
  },
  {
    "id": 25631,
    "name": "Vino Tinto Reserva D.O.Somontano SOMMOS",
    "description": "Vino Tinto Reserva D.O.Somontano 0,75 L",
    "category": "Vinos d.o",
    "url": "https://tienda.consum.es/es/p/vino-tinto-reserva-dosomontano/7345403",
    "price": 10.5,
    "reference_price": 14,
    "iva": 21,
    "reference_unit": "1 L",
    "date": "2023-01-17"
  },
  {
    "id": 25640,
    "name": "Comida Gato Natural Salmón ULTIMA",
    "description": "Comida Gato Natural Salmón 1,25 Kg",
    "category": "Seco",
    "url": "https://tienda.consum.es/es/p/comida-gato-natural-salmon/7368426",
    "price": 10.95,
    "reference_price": 8.76,
    "iva": 10,
    "reference_unit": "1 Kg",
    "date": "2023-01-17"
  },
  {
    "id": 25649,
    "name": "Tortitas Panquecas PASQUIER",
    "description": "Tortitas Panquecas 280 Gr",
    "category": "Bollería industrial",
    "url": "https://tienda.consum.es/es/p/tortitas-panquecas/7368897",
    "price": 2.59,
    "reference_price": 9.25,
    "iva": 10,
    "reference_unit": "1 Kg",
    "date": "2023-01-17"
  },
  {
    "id": 25653,
    "name": "Agua Mineral Natural Botella BEZOYA",
    "description": "Agua Mineral Natural Botella 1 L",
    "category": "Agua sin gas : botella",
    "url": "https://tienda.consum.es/es/p/agua-mineral-natural-botella/7369176",
    "price": 0.65,
    "reference_price": 0.65,
    "iva": 10,
    "reference_unit": "1 L",
    "date": "2023-01-17"
  },
  {
    "id": 25680,
    "name": "Tarrina Paté Adulto Rico en Pollo VITALITY",
    "description": "Tarrina Paté Adulto Rico en Pollo 300 Gr",
    "category": "Húmedo",
    "url": "https://tienda.consum.es/es/p/tarrina-pate-adulto-rico-en-pollo/7353753",
    "price": 0.99,
    "reference_price": 3.3,
    "iva": 10,
    "reference_unit": "1 Kg",
    "date": "2023-01-17"
  },
  {
    "id": 25681,
    "name": "Tarrina Paté Adulto Rico en Buey Higado VITALITY",
    "description": "Tarrina Paté Adulto Rico en Buey Higado 300 Gr",
    "category": "Húmedo",
    "url": "https://tienda.consum.es/es/p/tarrina-pate-adulto-rico-en-buey-higado/7353758",
    "price": 0.99,
    "reference_price": 3.3,
    "iva": 10,
    "reference_unit": "1 Kg",
    "date": "2023-01-17"
  },
  {
    "id": 25682,
    "name": "Tarrina Paté Júnior Rico en Pollo y Leche VITALITY",
    "description": "Tarrina Paté Júnior Rico en Pollo y Leche 300 Gr",
    "category": "Húmedo",
    "url": "https://tienda.consum.es/es/p/tarrina-pate-junior-rico-en-pollo-y-leche/7353761",
    "price": 0.99,
    "reference_price": 3.3,
    "iva": 10,
    "reference_unit": "1 Kg",
    "date": "2023-01-17"
  },
  {
    "id": 25683,
    "name": "Tarrina Paté Sénior Pollo Higado y Verduras VITALITY",
    "description": "Tarrina Paté Sénior Pollo Higado y Verduras 300 Gr",
    "category": "Húmedo",
    "url": "https://tienda.consum.es/es/p/tarrina-pate-senior-pollo-higado-y-verduras/7353766",
    "price": 0.99,
    "reference_price": 3.3,
    "iva": 10,
    "reference_unit": "1 Kg",
    "date": "2023-01-17"
  },
  {
    "id": 25684,
    "name": "Infusión Sueño 20 Bolsitas CONSUM",
    "description": "Infusión Sueño 20 Bolsitas 20 U",
    "category": "Otras infusiones",
    "url": "https://tienda.consum.es/es/p/infusion-sueno-20-bolsitas/7354850",
    "price": 0.95,
    "reference_price": 0.05,
    "iva": 10,
    "reference_unit": "1 U",
    "date": "2023-01-17"
  },
  {
    "id": 25685,
    "name": "Ambientador Varitas Frutos Rojos CONSUM",
    "description": "Ambientador Varitas Frutos Rojos 1 U",
    "category": "Continuos y decorativos",
    "url": "https://tienda.consum.es/es/p/ambientador-varitas-frutos-rojos/7362416",
    "price": 2.19,
    "reference_price": 2.19,
    "iva": 21,
    "reference_unit": "1 U",
    "date": "2023-01-17"
  },
  {
    "id": 25686,
    "name": "Ambientador Varitas Jazmín CONSUM",
    "description": "Ambientador Varitas Jazmín 1 U",
    "category": "Continuos y decorativos",
    "url": "https://tienda.consum.es/es/p/ambientador-varitas-jazmin/7362424",
    "price": 2.19,
    "reference_price": 2.19,
    "iva": 21,
    "reference_unit": "1 U",
    "date": "2023-01-17"
  },
  {
    "id": 25687,
    "name": "Aceituna Pimiento Asado Lata CONSUM",
    "description": "Aceituna Pimiento Asado Lata 150 Gr",
    "category": "Aceitunas sin hueso",
    "url": "https://tienda.consum.es/es/p/aceituna-pimiento-asado-lata/7363646",
    "price": 1.2,
    "reference_price": 8,
    "iva": 10,
    "reference_unit": "1 Kg",
    "date": "2023-01-17"
  },
  {
    "id": 25708,
    "name": "Pipas Gigantes Tostadas Aguasal en Bolsa CONSUM",
    "description": "Pipas Gigantes Tostadas Aguasal en Bolsa 200 Gr",
    "category": "Pipas",
    "url": "https://tienda.consum.es/es/p/pipas-gigantes-tostadas-aguasal-en-bolsa/7364581",
    "price": 1.2,
    "reference_price": 6,
    "iva": 10,
    "reference_unit": "1 Kg",
    "date": "2023-01-17"
  },
  {
    "id": 25717,
    "name": "Tarrina Caramel Biscuit y Cream Speculoos HAAGEN DAZS",
    "description": "Tarrina Caramel Biscuit y Cream Speculoos 420 Gr",
    "category": "Tarrinas",
    "url": "https://tienda.consum.es/es/p/tarrina-caramel-biscuit-y-cream-speculoos/7365125",
    "price": 6.99,
    "reference_price": 16.64,
    "iva": 10,
    "reference_unit": "1 Kg",
    "date": "2023-01-17"
  },
  {
    "id": 25720,
    "name": "Pastel de Crema 3 Unidades ",
    "description": "Pastel de Crema 3 Unidades 170 Gr",
    "category": "Napolitanas y hojaldres",
    "url": "https://tienda.consum.es/es/p/pastel-de-crema-3-unidades/7365158",
    "price": 1.1,
    "reference_price": 6.47,
    "iva": 10,
    "reference_unit": "1 Kg",
    "date": "2023-01-17"
  },
  {
    "id": 25731,
    "name": "Pipas Peladas Fritas Bolsa CONSUM",
    "description": "Pipas Peladas Fritas Bolsa 150 Gr",
    "category": "Pipas",
    "url": "https://tienda.consum.es/es/p/pipas-peladas-fritas-bolsa/7367027",
    "price": 0.75,
    "reference_price": 5,
    "iva": 10,
    "reference_unit": "1 Kg",
    "date": "2023-01-17"
  },
  {
    "id": 25738,
    "name": "Croqueta Queso Azul Cebolla Caramelizada congelada LA CULINARIA",
    "description": "Croqueta de Queso Azul y Cebolla Caramelizada congelada 300 Gr",
    "category": "Croquetas y empanadillas",
    "url": "https://tienda.consum.es/es/p/croqueta-queso-azul-cebolla-caramelizada-congelada/7368210",
    "price": 3.25,
    "reference_price": 10.83,
    "iva": 10,
    "reference_unit": "1 Kg",
    "date": "2023-01-17"
  },
  {
    "id": 25742,
    "name": "Colgador WC Dúo Poder Activo Cloro BREF",
    "description": "Colgador WC Dúo Poder Activo Cloro 2 U",
    "category": "Limpieza baños",
    "url": "https://tienda.consum.es/es/p/colgador-wc-duo-poder-activo-cloro/7368314",
    "price": 3.25,
    "reference_price": 1.63,
    "iva": 21,
    "reference_unit": "1 U",
    "date": "2023-01-17"
  },
  {
    "id": 25743,
    "name": "Esterilizador Biberones Microondas 4min Expres TIGEX",
    "description": "Esterilizador Biberones Microondas 4min Expres 1 U",
    "category": "Toallitas húmedas",
    "url": "https://tienda.consum.es/es/p/esterilizador-biberones-microondas-4min-expres/7368322",
    "price": 14.5,
    "reference_price": 14.5,
    "iva": 21,
    "reference_unit": "1 U",
    "date": "2023-01-17"
  },
  {
    "id": 25746,
    "name": "Palomitas Microondas Pack de 3 POPITAS",
    "description": "Palomitas Microondas Pack de 3 3 x 100 Gr",
    "category": "Snacks y otros aperitivos",
    "url": "https://tienda.consum.es/es/p/palomitas-microondas-pack-de-3/7368470",
    "price": 2.45,
    "reference_price": 8.17,
    "iva": 10,
    "reference_unit": "1 Kg",
    "date": "2023-01-17"
  },
  {
    "id": 25748,
    "name": "Labial Shine Nº 3 REVLON",
    "description": "Labial Shine Nº 3 1 U",
    "category": "Labiales",
    "url": "https://tienda.consum.es/es/p/labial-shine-n-3/7368806",
    "price": 11.5,
    "reference_price": 11.5,
    "iva": 21,
    "reference_unit": "1 U",
    "date": "2023-01-17"
  },
  {
    "id": 25750,
    "name": "Labial Shine Nº 7 REVLON",
    "description": "Labial Shine Nº 7 1 U",
    "category": "Labiales",
    "url": "https://tienda.consum.es/es/p/labial-shine-n-7/7368822",
    "price": 11.5,
    "reference_price": 11.5,
    "iva": 21,
    "reference_unit": "1 U",
    "date": "2023-01-17"
  },
  {
    "id": 25751,
    "name": "Labial Shine Nº 9 REVLON",
    "description": "Labial Shine Nº 9 1 U",
    "category": "Labiales",
    "url": "https://tienda.consum.es/es/p/labial-shine-n-9/7368830",
    "price": 11.5,
    "reference_price": 11.5,
    "iva": 21,
    "reference_unit": "1 U",
    "date": "2023-01-17"
  },
  {
    "id": 25752,
    "name": "Labial Shine Nº 24 REVLON",
    "description": "Labial Shine Nº 24 1 U",
    "category": "Labiales",
    "url": "https://tienda.consum.es/es/p/labial-shine-n-24/7368835",
    "price": 11.5,
    "reference_price": 11.5,
    "iva": 21,
    "reference_unit": "1 U",
    "date": "2023-01-17"
  },
  {
    "id": 25753,
    "name": "Labial Shine Nº 17 REVLON",
    "description": "Labial Shine Nº 17 1 U",
    "category": "Labiales",
    "url": "https://tienda.consum.es/es/p/labial-shine-n-17/7368843",
    "price": 11.5,
    "reference_price": 11.5,
    "iva": 21,
    "reference_unit": "1 U",
    "date": "2023-01-17"
  },
  {
    "id": 25756,
    "name": "Galleta Chips Ahoy con Oreo LU",
    "description": "Galleta Chips Ahoy con Oreo 156 Gr",
    "category": "Galletas de chocolate",
    "url": "https://tienda.consum.es/es/p/galleta-chips-ahoy-con-oreo/7368900",
    "price": 2.99,
    "reference_price": 19.17,
    "iva": 10,
    "reference_unit": "1 Kg",
    "date": "2023-01-17"
  },
  {
    "id": 25758,
    "name": "Infusión Propóleo 18 Bolsitas POMPADOUR",
    "description": "Infusión Propóleo 18 Bolsitas 18 U",
    "category": "Otras infusiones",
    "url": "https://tienda.consum.es/es/p/infusion-propoleo-18-bolsitas/7369085",
    "price": 2.75,
    "reference_price": 0.15,
    "iva": 10,
    "reference_unit": "1 U",
    "date": "2023-01-17"
  },
  {
    "id": 25760,
    "name": "Isotónico Limón Polvo LOADING",
    "description": "Isotónico Limón Polvo 5 x 30 Gr",
    "category": "Isotónicas y energéticas",
    "url": "https://tienda.consum.es/es/p/isotonico-limon-polvo/7369155",
    "price": 4.5,
    "reference_price": 30,
    "iva": 21,
    "reference_unit": "1 Kg",
    "date": "2023-01-17"
  },
  {
    "id": 25762,
    "name": "Frizzante Verdejo FIZZY",
    "description": "Frizzante Verdejo 0,75 L",
    "category": "Vinos de aguja",
    "url": "https://tienda.consum.es/es/p/frizzante-verdejo/7369234",
    "price": 2.65,
    "reference_price": 3.53,
    "iva": 21,
    "reference_unit": "1 L",
    "date": "2023-01-17"
  },
  {
    "id": 25770,
    "name": "Bacon Burger con Bacon y Queso BROOKLYN",
    "description": "Bacon Burger con Bacon y Queso 220 Gr",
    "category": "Bocadillos y sándwich listos",
    "url": "https://tienda.consum.es/es/p/bacon-burger-con-bacon-y-queso/7369429",
    "price": 3.29,
    "reference_price": 14.95,
    "iva": 10,
    "reference_unit": "1 Kg",
    "date": "2023-01-17"
  },
  {
    "id": 25772,
    "name": "Infusión Digest 20 Bolsitas CONSUM",
    "description": "Infusión Digest 20 Bolsitas 20 U",
    "category": "Otras infusiones",
    "url": "https://tienda.consum.es/es/p/infusion-digest-20-bolsitas/7354855",
    "price": 1,
    "reference_price": 0.05,
    "iva": 10,
    "reference_unit": "1 U",
    "date": "2023-01-17"
  },
  {
    "id": 25773,
    "name": "Ambientador Varitas Paraíso Azul CONSUM",
    "description": "Ambientador Varitas Paraíso Azul 1 U",
    "category": "Continuos y decorativos",
    "url": "https://tienda.consum.es/es/p/ambientador-varitas-paraiso-azul/7362429",
    "price": 2.19,
    "reference_price": 2.19,
    "iva": 21,
    "reference_unit": "1 U",
    "date": "2023-01-17"
  },
  {
    "id": 25776,
    "name": "Laca de Uñas 008 Superstay 24 H MAYBELLINE",
    "description": "Laca de Uñas 008 Superstay 24 H 1 U",
    "category": "Uñas",
    "url": "https://tienda.consum.es/es/p/laca-de-unas-008-superstay-24-h/7311694",
    "price": 4.99,
    "reference_price": 4.99,
    "iva": 21,
    "reference_unit": "1 U",
    "date": "2023-01-17"
  },
  {
    "id": 25777,
    "name": "Infusión Figura 20 Bolsitas CONSUM",
    "description": "Infusión Figura 20 Bolsitas 20 U",
    "category": "Otras infusiones",
    "url": "https://tienda.consum.es/es/p/infusion-figura-20-bolsitas/7354863",
    "price": 1,
    "reference_price": 0.05,
    "iva": 10,
    "reference_unit": "1 U",
    "date": "2023-01-17"
  },
  {
    "id": 25778,
    "name": "Tacos de Potón a la Marinera CONSUM",
    "description": "Tacos de Potón a la Marinera 72 Gr",
    "category": "Otras conservas pescado",
    "url": "https://tienda.consum.es/es/p/tacos-de-poton-a-la-marinera/7359248",
    "price": 1.45,
    "reference_price": 20.14,
    "iva": 10,
    "reference_unit": "1 Kg",
    "date": "2023-01-17"
  },
  {
    "id": 25779,
    "name": "Aceituna Rellena Anchoa Baja en Sal en Lata CONSUM",
    "description": "Aceituna Rellena Anchoa Baja en Sal en Lata 150 Gr",
    "category": "Aceitunas sin hueso",
    "url": "https://tienda.consum.es/es/p/aceituna-rellena-anchoa-baja-en-sal-en-lata/7363641",
    "price": 0.89,
    "reference_price": 5.93,
    "iva": 10,
    "reference_unit": "1 Kg",
    "date": "2023-01-17"
  },
  {
    "id": 25780,
    "name": "Salmón Salvaje Alaska PESASUR",
    "description": "Salmón Salvaje Alaska al natural 3 x 55 Gr",
    "category": "Conservas, aceites y condimentos",
    "url": "https://tienda.consum.es/es/p/salmon-salvaje-alaska/7368046",
    "price": 3.39,
    "reference_price": 20.55,
    "iva": 10,
    "reference_unit": "1 Kg",
    "date": "2023-01-17"
  },
  {
    "id": 25788,
    "name": "Café Soluble Espresso Gold NESCAFE",
    "description": "Café Soluble Espresso Gold 100 Gr",
    "category": "Café Soluble ",
    "url": "https://tienda.consum.es/es/p/cafe-soluble-espresso-gold/7369080",
    "price": 5.29,
    "reference_price": 52.9,
    "iva": 10,
    "reference_unit": "1 Kg",
    "date": "2023-01-17"
  },
  {
    "id": 25792,
    "name": "Bombón Sweet Caramelo con Leche de Coco VCLUB",
    "description": "Bombón Sweet Caramelo con Leche de Coco 270 Gr",
    "category": "Helados",
    "url": "https://tienda.consum.es/es/p/bombon-sweet-caramelo-con-leche-de-coco/7369247",
    "price": 2.99,
    "reference_price": 11.07,
    "iva": 10,
    "reference_unit": "1 Kg",
    "date": "2023-01-17"
  },
  {
    "id": 25794,
    "name": "Filete de Sardina en Aceite de Oliva CALVO",
    "description": "Filete de Sardina en Aceite de Oliva 75 Gr",
    "category": "Conservas, aceites y condimentos",
    "url": "https://tienda.consum.es/es/p/filete-de-sardina-en-aceite-de-oliva/7369361",
    "price": 2.25,
    "reference_price": 30,
    "iva": 10,
    "reference_unit": "1 Kg",
    "date": "2023-01-17"
  },
  {
    "id": 25796,
    "name": "Crema de Calabaza Bio GO VEGG",
    "description": "Crema de Calabaza Bio 280 Gr",
    "category": "Con verduras",
    "url": "https://tienda.consum.es/es/p/crema-de-calabaza-bio/7369437",
    "price": 1.89,
    "reference_price": 6.75,
    "iva": 10,
    "reference_unit": "1 Kg",
    "date": "2023-01-17"
  },
  {
    "id": 25799,
    "name": "Crema de la Huerta Bio GO VEGG",
    "description": "Crema de la Huerta Bio 280 Gr",
    "category": "Con verduras",
    "url": "https://tienda.consum.es/es/p/crema-de-la-huerta-bio/7369536",
    "price": 1.89,
    "reference_price": 6.75,
    "iva": 10,
    "reference_unit": "1 Kg",
    "date": "2023-01-17"
  },
  {
    "id": 25803,
    "name": "Preparado para Cocinar Vegetal Avena Ecológico IDEAL",
    "description": "Preparado para Cocinar Vegetal Avena Ecológico 200 ml",
    "category": "Nata para cocinar",
    "url": "https://tienda.consum.es/es/p/preparado-para-cocinar-vegetal-avena-ecologico/7369911",
    "price": 1.39,
    "reference_price": 6.95,
    "iva": 10,
    "reference_unit": "1 L",
    "date": "2023-01-17"
  },
  {
    "id": 25806,
    "name": "Batido de Cacao Botellín Pack de 3 Más 1 CACAOLAT",
    "description": "Batido de Cacao Botellín Pack de 3 Más 1 4 x 200 ml",
    "category": "Batidos y cafés",
    "url": "https://tienda.consum.es/es/p/batido-de-cacao-botellin-pack-de-3-mas-1/7369929",
    "price": 2.59,
    "reference_price": 3.24,
    "iva": 10,
    "reference_unit": "1 L",
    "date": "2023-01-17"
  },
  {
    "id": 25817,
    "name": "Vino Blanco Verdejo D.O. Rueda ALIJARES",
    "description": "Vino Blanco Verdejo D.O. Rueda 0,75 L",
    "category": "Vinos d.o",
    "url": "https://tienda.consum.es/es/p/vino-blanco-verdejo-do-rueda/7370158",
    "price": 1.95,
    "reference_price": 2.6,
    "iva": 21,
    "reference_unit": "1 L",
    "date": "2023-01-17"
  },
  {
    "id": 25823,
    "name": "Escalopin de Salmón ",
    "description": "Escalopin de Salmón 300 Gr",
    "category": "Pescado en bandeja",
    "url": "https://tienda.consum.es/es/p/escalopin-de-salmon/7368954",
    "price": 7.89,
    "reference_price": 26.3,
    "iva": 10,
    "reference_unit": "1 Kg",
    "date": "2023-01-17"
  },
  {
    "id": 25828,
    "name": "Pañales Bebe Talla 5 13 - 18 Kg CONSUM KIDS",
    "description": "Pañales Bebe Talla 5 13 - 18 Kg 44 U",
    "category": "Junior: Talla de 4 a 6",
    "url": "https://tienda.consum.es/es/p/panales-bebe-talla-5-13---18-kg/7352347",
    "price": 8.39,
    "reference_price": 0.19,
    "iva": 21,
    "reference_unit": "1 U",
    "date": "2023-01-17"
  },
  {
    "id": 25833,
    "name": "Pipas Gigantes Tostadas con Sal Bolsa CONSUM",
    "description": "Pipas Gigantes Tostadas con Sal Bolsa 200 Gr",
    "category": "Pipas",
    "url": "https://tienda.consum.es/es/p/pipas-gigantes-tostadas-con-sal-bolsa/7364578",
    "price": 1.2,
    "reference_price": 6,
    "iva": 10,
    "reference_unit": "1 Kg",
    "date": "2023-01-17"
  },
  {
    "id": 25839,
    "name": "Colonia Petit Grain Fruits Attraction SAPHIR",
    "description": "Colonia Petit Grain Fruits Attraction 100 ml",
    "category": "Femeninas",
    "url": "https://tienda.consum.es/es/p/colonia-petit-grain-fruits-attraction/7366339",
    "price": 4.95,
    "reference_price": 4.95,
    "iva": 21,
    "reference_unit": "100 ml",
    "date": "2023-01-17"
  },
  {
    "id": 25843,
    "name": "Pañuelo Reciclado 4 Capas Green CLEAN PAPER",
    "description": "Pañuelo Reciclado 4 Capas Green 10 U",
    "category": "Pañuelos y tissues",
    "url": "https://tienda.consum.es/es/p/panuelo-reciclado-4-capas-green/7367154",
    "price": 1.89,
    "reference_price": 0.19,
    "iva": 21,
    "reference_unit": "1 U",
    "date": "2023-01-17"
  },
  {
    "id": 25848,
    "name": "Protegeslip Maxi Plus AUSONIA",
    "description": "Protegeslip Maxi Plus 20 U",
    "category": "Compresas y protegeslips",
    "url": "https://tienda.consum.es/es/p/protegeslip-maxi-plus/7368496",
    "price": 1.88,
    "reference_price": 0.09,
    "iva": 4,
    "reference_unit": "1 U",
    "date": "2023-01-17"
  },
  {
    "id": 25850,
    "name": "Doble Fuerza Mate Piel Mixta BELLA AURORA",
    "description": "Doble Fuerza Mate Piel Mixta 30 ml",
    "category": "Hidratación",
    "url": "https://tienda.consum.es/es/p/doble-fuerza-mate-piel-mixta/7368939",
    "price": 9.99,
    "reference_price": 33.3,
    "iva": 21,
    "reference_unit": "100 ml",
    "date": "2023-01-17"
  },
  {
    "id": 25852,
    "name": "Lascas Bacalao Desalado ",
    "description": "Lascas Bacalao Desalado 250 Gr",
    "category": "Pescado en bandeja",
    "url": "https://tienda.consum.es/es/p/lascas-bacalao-desalado/7369627",
    "price": 4.79,
    "reference_price": 19.16,
    "iva": 10,
    "reference_unit": "1 Kg",
    "date": "2023-01-17"
  },
  {
    "id": 25854,
    "name": "Elimina Olores Textil En Pistola SANYTOL",
    "description": "Elimina Olores Textil En Pistola 500 ml",
    "category": "Aditivos y complementos",
    "url": "https://tienda.consum.es/es/p/elimina-olores-textil-en-pistola/7370000",
    "price": 3.99,
    "reference_price": 7.98,
    "iva": 21,
    "reference_unit": "1 L",
    "date": "2023-01-17"
  },
  {
    "id": 25878,
    "name": "Champú Hair Food Banana FRUCTIS",
    "description": "Champú Hair Food Banana 350 ml",
    "category": "Champú",
    "url": "https://tienda.consum.es/es/p/champu-hair-food-banana/7370257",
    "price": 5.5,
    "reference_price": 1.57,
    "iva": 21,
    "reference_unit": "100 ml",
    "date": "2023-01-17"
  },
  {
    "id": 25880,
    "name": "Smilitos Snack Ecológico SMILEAT",
    "description": "Smilitos Snack Ecológico 38 Gr",
    "category": "Alimentación infantil",
    "url": "https://tienda.consum.es/es/p/smilitos-snack-ecologico/7370331",
    "price": 1.89,
    "reference_price": 4.97,
    "iva": 10,
    "reference_unit": "100 Gr",
    "date": "2023-01-17"
  },
  {
    "id": 25881,
    "name": "Ternera con Verduras Tarrito SMILEAT",
    "description": "Ternera con Verduras Tarrito 230 Gr",
    "category": "Alimentación infantil",
    "url": "https://tienda.consum.es/es/p/ternera-con-verduras-tarrito/7370336",
    "price": 2.45,
    "reference_price": 10.65,
    "iva": 10,
    "reference_unit": "1 Kg",
    "date": "2023-01-17"
  },
  {
    "id": 25882,
    "name": "Pavo con Verduras Tarrito SMILEAT",
    "description": "Pavo con Verduras Tarrito 230 Gr",
    "category": "Alimentación infantil",
    "url": "https://tienda.consum.es/es/p/pavo-con-verduras-tarrito/7370344",
    "price": 2.45,
    "reference_price": 10.65,
    "iva": 10,
    "reference_unit": "1 Kg",
    "date": "2023-01-17"
  },
  {
    "id": 25883,
    "name": "Verduras con Merluza Tarrito SMILEAT",
    "description": "Verduras con Merluza Tarrito 230 Gr",
    "category": "Alimentación infantil",
    "url": "https://tienda.consum.es/es/p/verduras-con-merluza-tarrito/7370349",
    "price": 2.45,
    "reference_price": 10.65,
    "iva": 10,
    "reference_unit": "1 Kg",
    "date": "2023-01-17"
  },
  {
    "id": 25884,
    "name": "Guisito de Alubias Tarrito SMILEAT",
    "description": "Guisito de Alubias Tarrito 230 Gr",
    "category": "Alimentación infantil",
    "url": "https://tienda.consum.es/es/p/guisito-de-alubias-tarrito/7370356",
    "price": 2.45,
    "reference_price": 10.65,
    "iva": 10,
    "reference_unit": "1 Kg",
    "date": "2023-01-17"
  },
  {
    "id": 25885,
    "name": "Pouch Fresa y Plátano SMILEAT",
    "description": "Pouch Fresa y Plátano 100 Gr",
    "category": "Alimentación infantil",
    "url": "https://tienda.consum.es/es/p/pouch-fresa-y-platano/7370398",
    "price": 1.39,
    "reference_price": 13.9,
    "iva": 10,
    "reference_unit": "1 Kg",
    "date": "2023-01-17"
  },
  {
    "id": 25886,
    "name": "Pouch Frutas Variadas SMILEAT",
    "description": "Pouch Frutas Variadas 100 Gr",
    "category": "Alimentación infantil",
    "url": "https://tienda.consum.es/es/p/pouch-frutas-variadas/7370401",
    "price": 1.39,
    "reference_price": 13.9,
    "iva": 10,
    "reference_unit": "1 Kg",
    "date": "2023-01-17"
  },
  {
    "id": 25887,
    "name": "Crema de Manos Pieles Atópicas NIEVINA",
    "description": "Crema de Manos Pieles Atópicas 75 ml",
    "category": "Cremas de manos",
    "url": "https://tienda.consum.es/es/p/crema-de-manos-pieles-atopicas/7370484",
    "price": 1.95,
    "reference_price": 2.6,
    "iva": 21,
    "reference_unit": "100 ml",
    "date": "2023-01-17"
  },
  {
    "id": 25900,
    "name": "Pañales Bebe Talla 4 9 - 15 Kg CONSUM KIDS",
    "description": "Pañales Bebe Talla 4 9 - 15 Kg 50 U",
    "category": "Junior: Talla de 4 a 6",
    "url": "https://tienda.consum.es/es/p/panales-bebe-talla-4-9---15-kg/7352342",
    "price": 8.39,
    "reference_price": 0.17,
    "iva": 21,
    "reference_unit": "1 U",
    "date": "2023-01-17"
  },
  {
    "id": 25901,
    "name": "Comida Húmeda Gatos Rico en Pollo VITALITY",
    "description": "Comida Húmeda Gatos Rico en Pollo 100 Gr",
    "category": "Húmedo",
    "url": "https://tienda.consum.es/es/p/comida-humeda-gatos-rico-en-pollo/7353709",
    "price": 0.6,
    "reference_price": 6,
    "iva": 10,
    "reference_unit": "1 Kg",
    "date": "2023-01-17"
  },
  {
    "id": 25902,
    "name": "Comida Húmeda Gatos Rico en Salmón VITALITY",
    "description": "Comida Húmeda Gatos Rico en Salmón 100 Gr",
    "category": "Húmedo",
    "url": "https://tienda.consum.es/es/p/comida-humeda-gatos-rico-en-salmon/7353712",
    "price": 0.6,
    "reference_price": 6,
    "iva": 10,
    "reference_unit": "1 Kg",
    "date": "2023-01-17"
  },
  {
    "id": 25903,
    "name": "Comida Húmeda Gatos Rico en Buey VITALITY",
    "description": "Comida Húmeda Gatos Rico en Buey 100 Gr",
    "category": "Húmedo",
    "url": "https://tienda.consum.es/es/p/comida-humeda-gatos-rico-en-buey/7353717",
    "price": 0.6,
    "reference_price": 6,
    "iva": 10,
    "reference_unit": "1 Kg",
    "date": "2023-01-17"
  },
  {
    "id": 25904,
    "name": "Comida Húmeda Gatos Rico en Pollo Júnior VITALITY",
    "description": "Comida Húmeda Gatos Rico en Pollo Júnior 100 Gr",
    "category": "Húmedo",
    "url": "https://tienda.consum.es/es/p/comida-humeda-gatos-rico-en-pollo-junior/7353720",
    "price": 0.6,
    "reference_price": 6,
    "iva": 10,
    "reference_unit": "1 Kg",
    "date": "2023-01-17"
  },
  {
    "id": 25905,
    "name": "Comida Húmeda Gato Rico en Pollo Sénior VITALITY",
    "description": "Comida Húmeda Gato Rico en Pollo Sénior 100 Gr",
    "category": "Húmedo",
    "url": "https://tienda.consum.es/es/p/comida-humeda-gato-rico-en-pollo-senior/7353725",
    "price": 0.6,
    "reference_price": 6,
    "iva": 10,
    "reference_unit": "1 Kg",
    "date": "2023-01-17"
  },
  {
    "id": 25906,
    "name": "Yogur Natural con Azúcar de Caña CONSUM",
    "description": "Yogur Natural con Azúcar de Caña 4 x 125 Gr",
    "category": "Yogur natural y azucarado",
    "url": "https://tienda.consum.es/es/p/yogur-natural-con-azucar-de-cana/7354876",
    "price": 0.79,
    "reference_price": 1.58,
    "iva": 10,
    "reference_unit": "1 Kg",
    "date": "2023-01-17"
  },
  {
    "id": 25907,
    "name": "Kéfir Natural CONSUM",
    "description": "Kéfir Natural 500 Gr",
    "category": "Yogures especial salud",
    "url": "https://tienda.consum.es/es/p/kefir-natural/7357460",
    "price": 1.59,
    "reference_price": 3.18,
    "iva": 10,
    "reference_unit": "1 Kg",
    "date": "2023-01-17"
  },
  {
    "id": 25908,
    "name": "Yogur Natural 00% sin Lactosa CONSUM",
    "description": "Yogur Natural 00% sin Lactosa 4 x 125 Gr",
    "category": "Yogures especial salud",
    "url": "https://tienda.consum.es/es/p/yogur-natural-00-sin-lactosa/7358646",
    "price": 1.55,
    "reference_price": 3.1,
    "iva": 10,
    "reference_unit": "1 Kg",
    "date": "2023-01-17"
  },
  {
    "id": 25910,
    "name": "Postre de Soja Natural CONSUM",
    "description": "Postre de Soja Natural 4 x 100 Gr",
    "category": "Soja",
    "url": "https://tienda.consum.es/es/p/postre-de-soja-natural/7361426",
    "price": 1.35,
    "reference_price": 3.38,
    "iva": 10,
    "reference_unit": "1 Kg",
    "date": "2023-01-17"
  },
  {
    "id": 25915,
    "name": "Yogur Sabor Plátano Pack de 4 Unidades DANONE",
    "description": "Yogur Sabor Plátano Pack de 4 Unidades 4 x 120 Gr",
    "category": "Yogur sabores",
    "url": "https://tienda.consum.es/es/p/yogur-sabor-platano-pack-de-4-unidades/7369093",
    "price": 1.39,
    "reference_price": 2.9,
    "iva": 10,
    "reference_unit": "1 Kg",
    "date": "2023-01-17"
  },
  {
    "id": 25917,
    "name": "Secreto Ibérico con Patatas Confitadas SELECT CHEF",
    "description": "Secreto Ibérico con Patatas Confitadas 300 Gr",
    "category": "De carne o pescado",
    "url": "https://tienda.consum.es/es/p/secreto-iberico-con-patatas-confitadas/7369127",
    "price": 5.99,
    "reference_price": 19.97,
    "iva": 10,
    "reference_unit": "1 Kg",
    "date": "2023-01-17"
  },
  {
    "id": 25923,
    "name": "Multipack Palitos con Oliva y Sésamo SNATT'S",
    "description": "Multipack Palitos con Oliva y Sésamo 128 Gr",
    "category": "Rosquilletas, picos y snacks",
    "url": "https://tienda.consum.es/es/p/multipack-palitos-con-oliva-y-sesamo/7370161",
    "price": 2.75,
    "reference_price": 21.48,
    "iva": 10,
    "reference_unit": "1 Kg",
    "date": "2023-01-17"
  },
  {
    "id": 25925,
    "name": "Philips Ultra Alkaline AA Pack 4 Unidades PHILIPS",
    "description": "Philips Ultra Alkaline AA Pack 4 Unidades 4 U",
    "category": "Electricidad, pilas y bombillas",
    "url": "https://tienda.consum.es/es/p/philips-ultra-alkaline-aa-pack-4-unidades/7370286",
    "price": 1.99,
    "reference_price": 0.5,
    "iva": 21,
    "reference_unit": "1 U",
    "date": "2023-01-17"
  },
  {
    "id": 25926,
    "name": "Philips Ultra Alkaline AAA Pack 4 Unidades PHILIPS",
    "description": "Philips Ultra Alkaline AAA Pack 4 Unidades 4 U",
    "category": "Electricidad, pilas y bombillas",
    "url": "https://tienda.consum.es/es/p/philips-ultra-alkaline-aaa-pack-4-unidades/7370302",
    "price": 1.99,
    "reference_price": 0.5,
    "iva": 21,
    "reference_unit": "1 U",
    "date": "2023-01-17"
  },
  {
    "id": 25929,
    "name": "Pause Ciok sin Gluten Bizcochito con Chocolate SCHÄR",
    "description": "Pause Ciok sin Gluten Bizcochito con Chocolate 350 Gr",
    "category": "Bollería industrial",
    "url": "https://tienda.consum.es/es/p/pause-ciok-sin-gluten-bizcochito-con-chocolate/7370455",
    "price": 4.39,
    "reference_price": 12.54,
    "iva": 10,
    "reference_unit": "1 Kg",
    "date": "2023-01-17"
  },
  {
    "id": 25931,
    "name": "Jamón Gran Reserva Reducido en Sal 25% BOADAS",
    "description": "Jamón Gran Reserva Reducido en Sal 25%",
    "category": "Jamón",
    "url": "https://tienda.consum.es/es/p/jamon-gran-reserva-reducido-en-sal-25/7370476",
    "price": 22.5,
    "reference_price": 22.5,
    "iva": 10,
    "reference_unit": "1 Kg",
    "date": "2023-01-17"
  },
  {
    "id": 25936,
    "name": "Arroz de Secreto Ibérico con Boletus SELECT CHEF",
    "description": "Arroz de Secreto Ibérico con Boletus 300 Gr",
    "category": "De pasta y arroz",
    "url": "https://tienda.consum.es/es/p/arroz-de-secreto-iberico-con-boletus/7370542",
    "price": 3.15,
    "reference_price": 11.25,
    "iva": 10,
    "reference_unit": "1 Kg",
    "date": "2023-01-17"
  },
  {
    "id": 25937,
    "name": "Whisky REBEL MONKEY",
    "description": "Whisky 0,7 L",
    "category": "Licores y vermouth",
    "url": "https://tienda.consum.es/es/p/whisky/7370583",
    "price": 8.99,
    "reference_price": 12.84,
    "iva": 21,
    "reference_unit": "1 L",
    "date": "2023-01-17"
  },
  {
    "id": 25938,
    "name": "Comida Seca Perros Razas Mini Adulto ONE",
    "description": "Comida Seca Perros Razas Mini Adulto 1,5 Kg",
    "category": "Seco",
    "url": "https://tienda.consum.es/es/p/comida-seca-perros-razas-mini-adulto/7370591",
    "price": 6.2,
    "reference_price": 4.13,
    "iva": 10,
    "reference_unit": "1 Kg",
    "date": "2023-01-17"
  },
  {
    "id": 25940,
    "name": "Tortitas de Arroz Integral Paquete CONSUM",
    "description": "Tortitas de Arroz Integral Paquete 130 Gr",
    "category": "Tortitas",
    "url": "https://tienda.consum.es/es/p/tortitas-de-arroz-integral-paquete/7350353",
    "price": 1.1,
    "reference_price": 8.46,
    "iva": 10,
    "reference_unit": "1 Kg",
    "date": "2023-01-17"
  },
  {
    "id": 25941,
    "name": "Tortitas de Maíz Paquete CONSUM",
    "description": "Tortitas de Maíz Paquete 130 Gr",
    "category": "Tortitas",
    "url": "https://tienda.consum.es/es/p/tortitas-de-maiz-paquete/7350358",
    "price": 1.1,
    "reference_price": 8.46,
    "iva": 10,
    "reference_unit": "1 Kg",
    "date": "2023-01-17"
  },
  {
    "id": 25942,
    "name": "Tortitas Arroz Integral con Chocolate Negro CONSUM",
    "description": "Tortitas Arroz Integral con Chocolate Negro 130 Gr",
    "category": "Tortitas",
    "url": "https://tienda.consum.es/es/p/tortitas-arroz-integral-con-chocolate-negro/7350747",
    "price": 1.5,
    "reference_price": 11.54,
    "iva": 10,
    "reference_unit": "1 Kg",
    "date": "2023-01-17"
  },
  {
    "id": 25943,
    "name": "Tortitas de Maíz con Chocolate Negro CONSUM",
    "description": "Tortitas de Maíz con Chocolate Negro 90,4 Gr",
    "category": "Tortitas",
    "url": "https://tienda.consum.es/es/p/tortitas-de-maiz-con-chocolate-negro/7350754",
    "price": 1.1,
    "reference_price": 12.17,
    "iva": 10,
    "reference_unit": "1 Kg",
    "date": "2023-01-17"
  },
  {
    "id": 25944,
    "name": "Pañales Talla 2 CONSUM KIDS",
    "description": "Pañales Talla 2 28 U",
    "category": "Bebé: Talla de 0 a 3",
    "url": "https://tienda.consum.es/es/p/panales-talla-2/7352334",
    "price": 4.35,
    "reference_price": 0.16,
    "iva": 21,
    "reference_unit": "1 U",
    "date": "2023-01-17"
  },
  {
    "id": 25945,
    "name": "Pañal Talla 3 CONSUM KIDS",
    "description": "Pañal Talla 3 56 U",
    "category": "Bebé: Talla de 0 a 3",
    "url": "https://tienda.consum.es/es/p/panal-talla-3/7352339",
    "price": 8.39,
    "reference_price": 0.15,
    "iva": 21,
    "reference_unit": "1 U",
    "date": "2023-01-17"
  },
  {
    "id": 25946,
    "name": "Pañal Talla 6 CONSUM KIDS",
    "description": "Pañal Talla 6 27 U",
    "category": "Junior: Talla de 4 a 6",
    "url": "https://tienda.consum.es/es/p/panal-talla-6/7352354",
    "price": 7.99,
    "reference_price": 0.3,
    "iva": 21,
    "reference_unit": "1 U",
    "date": "2023-01-17"
  },
  {
    "id": 25950,
    "name": "Queso Azul Leche Vaca Pasteurizada SAINT-FLOUR",
    "description": "Queso Azul Leche Vaca Pasteurizada",
    "category": "Roquefort y azules",
    "url": "https://tienda.consum.es/es/p/queso-azul-leche-vaca-pasteurizada/7369106",
    "price": 13.37,
    "reference_price": 13.37,
    "iva": 0,
    "reference_unit": "1 Kg",
    "date": "2023-01-17"
  },
  {
    "id": 25960,
    "name": "Chocolate a la Taza ANDREU",
    "description": "Chocolate a la Taza 5 x 50 Gr",
    "category": "Tabletas",
    "url": "https://tienda.consum.es/es/p/chocolate-a-la-taza/7370174",
    "price": 2.85,
    "reference_price": 11.4,
    "iva": 10,
    "reference_unit": "1 Kg",
    "date": "2023-01-17"
  },
  {
    "id": 25961,
    "name": "Champú Sólido Tesoros de Miel ORIG.REMEDIS",
    "description": "Champú Sólido Tesoros de Miel 1 U",
    "category": "Champú",
    "url": "https://tienda.consum.es/es/p/champu-solido-tesoros-de-miel/7370245",
    "price": 4.35,
    "reference_price": 4.35,
    "iva": 21,
    "reference_unit": "1 U",
    "date": "2023-01-17"
  },
  {
    "id": 25962,
    "name": "Champú Sólido Avena ORIG.REMEDIS",
    "description": "Champú Sólido Avena 1 U",
    "category": "Champú",
    "url": "https://tienda.consum.es/es/p/champu-solido-avena/7370252",
    "price": 4.35,
    "reference_price": 4.35,
    "iva": 21,
    "reference_unit": "1 U",
    "date": "2023-01-17"
  },
  {
    "id": 25963,
    "name": "Barra de Pan ",
    "description": "Barra de Pan 250 Gr",
    "category": "Pan de horno",
    "url": "https://tienda.consum.es/es/p/barra-de-pan/7370323",
    "price": 0.48,
    "reference_price": 1.92,
    "iva": 0,
    "reference_unit": "1 Kg",
    "date": "2023-01-17"
  },
  {
    "id": 25964,
    "name": "Verduras Lubina Merluza Tarrito SMILEAT",
    "description": "Verduras Lubina Merluza Tarrito 230 Gr",
    "category": "Alimentación infantil",
    "url": "https://tienda.consum.es/es/p/verduras-lubina-merluza-tarrito/7370351",
    "price": 2.55,
    "reference_price": 11.09,
    "iva": 10,
    "reference_unit": "1 Kg",
    "date": "2023-01-17"
  },
  {
    "id": 25968,
    "name": "Frutas con Cereales Tarrito BE PLUS",
    "description": "Frutas con Cereales Tarrito 2 x 200 Gr",
    "category": "Alimentación infantil",
    "url": "https://tienda.consum.es/es/p/frutas-con-cereales-tarrito/7370492",
    "price": 1.99,
    "reference_price": 4.98,
    "iva": 10,
    "reference_unit": "1 Kg",
    "date": "2023-01-17"
  },
  {
    "id": 25969,
    "name": "Natilla con Galleta Tarrito BE PLUS",
    "description": "Natilla con Galleta Tarrito 2 x 100 Gr",
    "category": "Alimentación infantil",
    "url": "https://tienda.consum.es/es/p/natilla-con-galleta-tarrito/7370500",
    "price": 1.89,
    "reference_price": 9.45,
    "iva": 10,
    "reference_unit": "1 Kg",
    "date": "2023-01-17"
  },
  {
    "id": 25971,
    "name": "Máscara Pestañas Air Mega Volumen L'OREAL",
    "description": "Máscara Pestañas Air Mega Volumen 1 U",
    "category": "Ojos",
    "url": "https://tienda.consum.es/es/p/mascara-pestanas-air-mega-volumen/7370559",
    "price": 9.99,
    "reference_price": 9.99,
    "iva": 21,
    "reference_unit": "1 U",
    "date": "2023-01-17"
  },
  {
    "id": 25974,
    "name": "Comida Seca Gatos Hairball Bifensis ONE",
    "description": "Comida Seca Gatos Hairball Bifensis 1,5 Kg",
    "category": "Seco",
    "url": "https://tienda.consum.es/es/p/comida-seca-gatos-hairball-bifensis/7370588",
    "price": 8.69,
    "reference_price": 5.79,
    "iva": 10,
    "reference_unit": "1 Kg",
    "date": "2023-01-17"
  },
  {
    "id": 25975,
    "name": "Comida Seca Gatos Esterilizados Bifensis ONE",
    "description": "Comida Seca Gatos Esterilizados Bifensis 1,5 Kg",
    "category": "Seco",
    "url": "https://tienda.consum.es/es/p/comida-seca-gatos-esterilizados-bifensis/7370596",
    "price": 8.69,
    "reference_price": 5.79,
    "iva": 10,
    "reference_unit": "1 Kg",
    "date": "2023-01-17"
  },
  {
    "id": 25976,
    "name": "Tarta Milka ",
    "description": "Tarta Milka 350 Gr",
    "category": "Tartas ",
    "url": "https://tienda.consum.es/es/p/tarta-milka/7370620",
    "price": 7.29,
    "reference_price": 20.83,
    "iva": 10,
    "reference_unit": "1 Kg",
    "date": "2023-01-17"
  },
  {
    "id": 25978,
    "name": "Espresso Extraintenso 20 Cápsulas COFFEE GOLD",
    "description": "Espresso Extraintenso 20 Cápsulas 20 U",
    "category": "Café en cápsulas",
    "url": "https://tienda.consum.es/es/p/espresso-extraintenso-20-capsulas/7370633",
    "price": 3.4,
    "reference_price": 0.17,
    "iva": 10,
    "reference_unit": "1 U",
    "date": "2023-01-17"
  },
  {
    "id": 25979,
    "name": "Espresso Descafeinado 20 Cápsulas COFFEE GOLD",
    "description": "Espresso Descafeinado 20 Cápsulas 20 U",
    "category": "Café en cápsulas",
    "url": "https://tienda.consum.es/es/p/espresso-descafeinado-20-capsulas/7370638",
    "price": 3.4,
    "reference_price": 0.17,
    "iva": 10,
    "reference_unit": "1 U",
    "date": "2023-01-17"
  },
  {
    "id": 25980,
    "name": "Espresso Ristreto 20 Cápsulas COFFEE GOLD",
    "description": "Espresso Ristreto 20 Cápsulas 20 U",
    "category": "Café en cápsulas",
    "url": "https://tienda.consum.es/es/p/espresso-ristreto-20-capsulas/7370641",
    "price": 3.4,
    "reference_price": 0.17,
    "iva": 10,
    "reference_unit": "1 U",
    "date": "2023-01-17"
  },
  {
    "id": 25981,
    "name": "Espresso Colombia 20 Cápsulas COFFEE GOLD",
    "description": "Espresso Colombia 20 Cápsulas 20 U",
    "category": "Café en cápsulas",
    "url": "https://tienda.consum.es/es/p/espresso-colombia-20-capsulas/7370646",
    "price": 3.45,
    "reference_price": 0.17,
    "iva": 10,
    "reference_unit": "1 U",
    "date": "2023-01-17"
  },
  {
    "id": 25982,
    "name": "Alcohol Limpieza Perfumado JOSMI",
    "description": "Alcohol Limpieza Perfumado 1 L",
    "category": "Otros limpiadores específicos",
    "url": "https://tienda.consum.es/es/p/alcohol-limpieza-perfumado/7370653",
    "price": 2.2,
    "reference_price": 2.2,
    "iva": 21,
    "reference_unit": "1 L",
    "date": "2023-01-17"
  },
  {
    "id": 25988,
    "name": "Ensalada Tierna Bolsa FLORETTE",
    "description": "Ensalada Tierna Bolsa 85 Gr",
    "category": "Ensaladas y brotes",
    "url": "https://tienda.consum.es/es/p/ensalada-tierna-bolsa/7370856",
    "price": 1.78,
    "reference_price": 20.94,
    "iva": 0,
    "reference_unit": "1 Kg",
    "date": "2023-01-17"
  },
  {
    "id": 25994,
    "name": "Croquetas de Cocido ",
    "description": "Croquetas de Cocido 62,5 Gr",
    "category": "Otros elaborados",
    "url": "https://tienda.consum.es/es/p/croquetas-de-cocido/7370992",
    "price": 0.65,
    "reference_price": 10.4,
    "iva": 10,
    "reference_unit": "1 Kg",
    "date": "2023-01-17"
  },
  {
    "id": 25999,
    "name": "Mascarilla Protein Karite GLISS",
    "description": "Mascarilla Protein Karite 400 ml",
    "category": "Mascarillas cabello",
    "url": "https://tienda.consum.es/es/p/mascarilla-protein-karite/7369671",
    "price": 5.25,
    "reference_price": 1.31,
    "iva": 21,
    "reference_unit": "100 ml",
    "date": "2023-01-17"
  },
  {
    "id": 26001,
    "name": "Comida Húmeda Gatos en Mousse de Salmón POÉSIE",
    "description": "Comida Húmeda Gatos en Mousse de Salmón 85 Gr",
    "category": "Húmedo",
    "url": "https://tienda.consum.es/es/p/comida-humeda-gatos-en-mousse-de-salmon/7369838",
    "price": 0.75,
    "reference_price": 8.82,
    "iva": 10,
    "reference_unit": "1 Kg",
    "date": "2023-01-17"
  },
  {
    "id": 26002,
    "name": "Patata Chef Gourmet congelada MC CAIN",
    "description": "Patata Chef Gourmet congelada 500 Gr",
    "category": "Patatas",
    "url": "https://tienda.consum.es/es/p/patata-chef-gourmet-congelada/7370419",
    "price": 4.04,
    "reference_price": 8.08,
    "iva": 0,
    "reference_unit": "1 Kg",
    "date": "2023-01-17"
  },
  {
    "id": 26004,
    "name": "Vino Blanco Turbio ",
    "description": "Vino Blanco Turbio 0,75 L",
    "category": "Mesa",
    "url": "https://tienda.consum.es/es/p/vino-blanco-turbio/7370690",
    "price": 1.7,
    "reference_price": 2.27,
    "iva": 21,
    "reference_unit": "1 L",
    "date": "2023-01-17"
  },
  {
    "id": 26005,
    "name": "Caracoles de Mar al Natural GALICA",
    "description": "Caracoles de Mar al Natural 69 Gr",
    "category": "Otras conservas pescado",
    "url": "https://tienda.consum.es/es/p/caracoles-de-mar-al-natural/7370794",
    "price": 2.89,
    "reference_price": 41.88,
    "iva": 10,
    "reference_unit": "1 Kg",
    "date": "2023-01-17"
  },
  {
    "id": 26007,
    "name": "Mojama Extra Lonchas ANGOMAR",
    "description": "Mojama Extra Lonchas 80 Gr",
    "category": "Surimis y salazones",
    "url": "https://tienda.consum.es/es/p/mojama-extra-lonchas/7370950",
    "price": 4.89,
    "reference_price": 61.13,
    "iva": 10,
    "reference_unit": "1 Kg",
    "date": "2023-01-17"
  },
  {
    "id": 26008,
    "name": "Croquetas Setas ",
    "description": "Croquetas Setas 50 Gr",
    "category": "Otros elaborados",
    "url": "https://tienda.consum.es/es/p/croquetas-setas/7370997",
    "price": 0.6,
    "reference_price": 12,
    "iva": 10,
    "reference_unit": "1 Kg",
    "date": "2023-01-17"
  },
  {
    "id": 26011,
    "name": "Tacos Potón en Aceite de Girasol CONSUM",
    "description": "Tacos Potón en Aceite de Girasol 72 Gr",
    "category": "Otras conservas pescado",
    "url": "https://tienda.consum.es/es/p/tacos-poton-en-aceite-de-girasol/7359235",
    "price": 1.45,
    "reference_price": 20.14,
    "iva": 10,
    "reference_unit": "1 Kg",
    "date": "2023-01-17"
  },
  {
    "id": 26014,
    "name": "Huevo Ecológico L-XL 1/2 Docena MONTERDE",
    "description": "Huevo Ecológico L-XL 1/2 Docena 0,5 Dc",
    "category": "Huevos",
    "url": "https://tienda.consum.es/es/p/huevo-ecologico-l-xl-1/2-docena/7369262",
    "price": 2.98,
    "reference_price": 5.96,
    "iva": 0,
    "reference_unit": "1 Dc",
    "date": "2023-01-17"
  },
  {
    "id": 26019,
    "name": "Malta para Gatos BIOZOO",
    "description": "Malta para Gatos 100 Gr",
    "category": "Accesorios",
    "url": "https://tienda.consum.es/es/p/malta-para-gatos/7370617",
    "price": 3.69,
    "reference_price": 36.9,
    "iva": 10,
    "reference_unit": "1 Kg",
    "date": "2023-01-17"
  },
  {
    "id": 26021,
    "name": "Lavavajillas Máquina Eco Cápsulas CONSUM ECO",
    "description": "Lavavajillas Máquina Eco Cápsulas 22 U",
    "category": "Lavavajillas a máquina",
    "url": "https://tienda.consum.es/es/p/lavavajillas-maquina-eco-capsulas/7337319",
    "price": 3.49,
    "reference_price": 0.16,
    "iva": 21,
    "reference_unit": "1 Do",
    "date": "2023-01-17"
  },
  {
    "id": 26038,
    "name": "Snack de Queso Infantil PIK NIK",
    "description": "Snack de Queso Infantil 80 Gr",
    "category": "Quesos Fundidos",
    "url": "https://tienda.consum.es/es/p/snack-de-queso-infantil/7370521",
    "price": 2.07,
    "reference_price": 25.88,
    "iva": 0,
    "reference_unit": "1 Kg",
    "date": "2023-01-17"
  },
  {
    "id": 26040,
    "name": "Whisky HOLLOW WILLO",
    "description": "Whisky 0,7 L",
    "category": "Licores y vermouth",
    "url": "https://tienda.consum.es/es/p/whisky/7370575",
    "price": 5.25,
    "reference_price": 7.5,
    "iva": 21,
    "reference_unit": "1 L",
    "date": "2023-01-17"
  },
  {
    "id": 26043,
    "name": "Mayonesa al Toque de Mostaza Dijon Tarro MAILLE",
    "description": "Mayonesa al Toque de Mostaza Dijon Tarro 320 Gr",
    "category": "Mayonesa",
    "url": "https://tienda.consum.es/es/p/mayonesa-al-toque-de-mostaza-dijon-tarro/7370922",
    "price": 3.39,
    "reference_price": 10.59,
    "iva": 10,
    "reference_unit": "1 Kg",
    "date": "2023-01-17"
  },
  {
    "id": 26044,
    "name": "Galletas Saladas Krit Bote CUETARA",
    "description": "Galletas Saladas Krit Bote 350 Gr",
    "category": "Galletas saladas",
    "url": "https://tienda.consum.es/es/p/galletas-saladas-krit-bote/7370955",
    "price": 3.89,
    "reference_price": 11.11,
    "iva": 10,
    "reference_unit": "1 Kg",
    "date": "2023-01-17"
  },
  {
    "id": 26045,
    "name": "Crema Untar NUTELLA",
    "description": "Crema Untar 700 Gr",
    "category": "Cremas de desayuno",
    "url": "https://tienda.consum.es/es/p/crema-untar/7371169",
    "price": 4.99,
    "reference_price": 7.13,
    "iva": 10,
    "reference_unit": "1 Kg",
    "date": "2023-01-17"
  },
  {
    "id": 26046,
    "name": "Desodorante Roll On Antimanchas Mujer KYREY",
    "description": "Desodorante Roll On Antimanchas Mujer 50 ml",
    "category": "Roll on",
    "url": "https://tienda.consum.es/es/p/desodorante-roll-on-antimanchas-mujer/7345916",
    "price": 0.75,
    "reference_price": 1.5,
    "iva": 21,
    "reference_unit": "100 ml",
    "date": "2023-01-17"
  },
  {
    "id": 26047,
    "name": "Desodorante Roll On Aloe Vera Unisex KYREY",
    "description": "Desodorante Roll On Aloe Vera Unisex 50 ml",
    "category": "Spray",
    "url": "https://tienda.consum.es/es/p/desodorante-roll-on-aloe-vera-unisex/7345924",
    "price": 0.75,
    "reference_price": 1.5,
    "iva": 21,
    "reference_unit": "100 ml",
    "date": "2023-01-17"
  },
  {
    "id": 26048,
    "name": "Desodorante Roll On Control Hombre KYREY",
    "description": "Desodorante Roll On Control Hombre 50 ml",
    "category": "Roll on",
    "url": "https://tienda.consum.es/es/p/desodorante-roll-on-control-hombre/7345937",
    "price": 0.99,
    "reference_price": 1.98,
    "iva": 21,
    "reference_unit": "100 ml",
    "date": "2023-01-17"
  },
  {
    "id": 26049,
    "name": "Desodorante Roll On Control Mujer KYREY",
    "description": "Desodorante Roll On Control Mujer 50 ml",
    "category": "Roll on",
    "url": "https://tienda.consum.es/es/p/desodorante-roll-on-control-mujer/7345940",
    "price": 0.99,
    "reference_price": 1.98,
    "iva": 21,
    "reference_unit": "100 ml",
    "date": "2023-01-17"
  },
  {
    "id": 26050,
    "name": "Paté Rico en Pollo con Verduras VITALITY",
    "description": "Paté Rico en Pollo con Verduras 150 Gr",
    "category": "Húmedo",
    "url": "https://tienda.consum.es/es/p/pate-rico-en-pollo-con-verduras/7353741",
    "price": 0.85,
    "reference_price": 5.67,
    "iva": 10,
    "reference_unit": "1 Kg",
    "date": "2023-01-17"
  },
  {
    "id": 26051,
    "name": "Limpia Máquinas Lavavajillas CONSUM",
    "description": "Limpia Máquinas Lavavajillas 0,25 L",
    "category": "Aditivos y limpiamáquinas",
    "url": "https://tienda.consum.es/es/p/limpia-maquinas-lavavajillas/7356566",
    "price": 1.9,
    "reference_price": 7.6,
    "iva": 21,
    "reference_unit": "1 L",
    "date": "2023-01-17"
  },
  {
    "id": 26052,
    "name": "Yogur Natural de Cabra Pack de 2 Unidades GRANJA RINYA",
    "description": "Yogur Natural de Cabra Pack de 2 Unidades 2 x 125 Gr",
    "category": "Yogur natural y azucarado",
    "url": "https://tienda.consum.es/es/p/yogur-natural-de-cabra-pack-de-2-unidades/7370984",
    "price": 1.79,
    "reference_price": 7.16,
    "iva": 10,
    "reference_unit": "1 Kg",
    "date": "2023-01-17"
  },
  {
    "id": 26055,
    "name": "Pesto Rústico con Tomate Seco BARILLA",
    "description": "Pesto Rústico con Tomate Seco 200 Gr",
    "category": "Otras salsas",
    "url": "https://tienda.consum.es/es/p/pesto-rustico-con-tomate-seco/7371086",
    "price": 3.29,
    "reference_price": 16.45,
    "iva": 10,
    "reference_unit": "1 Kg",
    "date": "2023-01-17"
  },
  {
    "id": 26058,
    "name": "Plato Desechable Grande 24cm Caña Azúcar 12 U. BETIK",
    "description": "Plato Desechable Grande 24cm Caña Azúcar 12 U. 1 U",
    "category": "Cubiertos, vasos y vajilla",
    "url": "https://tienda.consum.es/es/p/plato-desechable-grande-24cm-cana-azucar-12-u/7371412",
    "price": 2.75,
    "reference_price": 2.75,
    "iva": 21,
    "reference_unit": "1 U",
    "date": "2023-01-17"
  },
  {
    "id": 26059,
    "name": "Zumo Avena, Plátano y Coco VIA NATURE",
    "description": "Zumo Avena, Plátano y Coco 750 ml",
    "category": "Zumos refrigerados",
    "url": "https://tienda.consum.es/es/p/zumo-avena-platano-y-coco/7371466",
    "price": 2.35,
    "reference_price": 3.13,
    "iva": 10,
    "reference_unit": "1 L",
    "date": "2023-01-17"
  },
  {
    "id": 26060,
    "name": "Coca de Azúcar ",
    "description": "Coca de Azúcar 450 Gr",
    "category": "Cocas y bizcochos",
    "url": "https://tienda.consum.es/es/p/coca-de-azucar/7371529",
    "price": 2.99,
    "reference_price": 6.64,
    "iva": 10,
    "reference_unit": "1 Kg",
    "date": "2023-01-17"
  },
  {
    "id": 26064,
    "name": "Desodorante Roll On Antimanchas Hombre KYREY",
    "description": "Desodorante Roll On Antimanchas Hombre 50 ml",
    "category": "Roll on",
    "url": "https://tienda.consum.es/es/p/desodorante-roll-on-antimanchas-hombre/7345911",
    "price": 0.75,
    "reference_price": 1.5,
    "iva": 21,
    "reference_unit": "100 ml",
    "date": "2023-01-17"
  },
  {
    "id": 26066,
    "name": "Anillas a la Romana congeladas CONSUM",
    "description": "Anillas a la Romana congeladas 400 Gr",
    "category": "Pescados y mariscos",
    "url": "https://tienda.consum.es/es/p/anillas-a-la-romana-congeladas/7366636",
    "price": 3.45,
    "reference_price": 8.63,
    "iva": 10,
    "reference_unit": "1 Kg",
    "date": "2023-01-17"
  },
  {
    "id": 26067,
    "name": "Mascarilla Cellular Filler Rellenadora de Arrugas NIVEA",
    "description": "Mascarilla Cellular Filler Rellenadora de Arrugas 1 U",
    "category": "Tratamiento",
    "url": "https://tienda.consum.es/es/p/mascarilla-cellular-filler-rellenadora-de-arrugas/7369416",
    "price": 3.15,
    "reference_price": 3.15,
    "iva": 21,
    "reference_unit": "1 U",
    "date": "2023-01-17"
  },
  {
    "id": 26068,
    "name": "Flan de Café Pack de 4 Unidades REINA",
    "description": "Flan de Café Pack de 4 Unidades 4 x 100 Gr",
    "category": "Flanes",
    "url": "https://tienda.consum.es/es/p/flan-de-cafe-pack-de-4-unidades/7370989",
    "price": 2.09,
    "reference_price": 5.23,
    "iva": 10,
    "reference_unit": "1 Kg",
    "date": "2023-01-17"
  },
  {
    "id": 26069,
    "name": "Arroz Sushi Paquete SUNDARI",
    "description": "Arroz Sushi Paquete 500 Gr",
    "category": "Cocina internacional",
    "url": "https://tienda.consum.es/es/p/arroz-sushi-paquete/7371094",
    "price": 1.82,
    "reference_price": 3.64,
    "iva": 0,
    "reference_unit": "1 Kg",
    "date": "2023-01-17"
  },
  {
    "id": 26070,
    "name": "Varitas de Merluza Empanada congeladas PESCANOVA",
    "description": "Varitas de Merluza Empanada congeladas 450 Gr",
    "category": "Pescado y marisco",
    "url": "https://tienda.consum.es/es/p/varitas-de-merluza-empanada-congeladas/7371441",
    "price": 3.39,
    "reference_price": 7.53,
    "iva": 10,
    "reference_unit": "1 Kg",
    "date": "2023-01-17"
  },
  {
    "id": 26072,
    "name": "Comida Seca Gatos Tracto Urinario ULTIMA",
    "description": "Comida Seca Gatos Tracto Urinario 750 Gr",
    "category": "Seco",
    "url": "https://tienda.consum.es/es/p/comida-seca-gatos-tracto-urinario/7371586",
    "price": 5.07,
    "reference_price": 6.76,
    "iva": 10,
    "reference_unit": "1 Kg",
    "date": "2023-01-17"
  },
  {
    "id": 26073,
    "name": "Aceite de Girasol Botella KOIPESOL",
    "description": "Aceite de Girasol Botella 1 L",
    "category": "Aceite de girasol",
    "url": "https://tienda.consum.es/es/p/aceite-de-girasol-botella/7371680",
    "price": 2.85,
    "reference_price": 2.85,
    "iva": 5,
    "reference_unit": "1 L",
    "date": "2023-01-17"
  },
  {
    "id": 26074,
    "name": "Vino Blanco Verdejo D.O. Rueda CASTILLO GUI",
    "description": "Vino Blanco Verdejo D.O. Rueda 0,75 L",
    "category": "Vinos d.o",
    "url": "https://tienda.consum.es/es/p/vino-blanco-verdejo-do-rueda/7371735",
    "price": 3.8,
    "reference_price": 5.07,
    "iva": 21,
    "reference_unit": "1 L",
    "date": "2023-01-17"
  },
  {
    "id": 26082,
    "name": "Comida Húmeda Perros Rica en Buey y Pollo VITALITY",
    "description": "Comida Húmeda Perros Rica en Buey y Pollo 150 Gr",
    "category": "Húmedo",
    "url": "https://tienda.consum.es/es/p/comida-humeda-perros-rica-en-buey-y-pollo/7353746",
    "price": 0.85,
    "reference_price": 5.67,
    "iva": 10,
    "reference_unit": "1 Kg",
    "date": "2023-01-17"
  },
  {
    "id": 26083,
    "name": "Bebida de Avena con Calcio Brik CONSUM",
    "description": "Bebida de Avena con Calcio Brik 1 L",
    "category": "Bebidas vegetales",
    "url": "https://tienda.consum.es/es/p/bebida-de-avena-con-calcio-brik/7355980",
    "price": 1,
    "reference_price": 1,
    "iva": 10,
    "reference_unit": "1 L",
    "date": "2023-01-17"
  },
  {
    "id": 26084,
    "name": "Bebida de Arroz con Calcio Brik CONSUM",
    "description": "Bebida de Arroz con Calcio Brik 1 L",
    "category": "Bebidas vegetales",
    "url": "https://tienda.consum.es/es/p/bebida-de-arroz-con-calcio-brik/7355985",
    "price": 1.1,
    "reference_price": 1.1,
    "iva": 10,
    "reference_unit": "1 L",
    "date": "2023-01-17"
  },
  {
    "id": 26086,
    "name": "Frutas con Galleta Pouch BE PLUS",
    "description": "Frutas con Galleta Pouch 100 Gr",
    "category": "Alimentación infantil",
    "url": "https://tienda.consum.es/es/p/frutas-con-galleta-pouch/7370497",
    "price": 0.89,
    "reference_price": 8.9,
    "iva": 10,
    "reference_unit": "1 Kg",
    "date": "2023-01-17"
  },
  {
    "id": 26092,
    "name": "Vino Tinto Barrica V.T. Castilla M.GRIÑON",
    "description": "Vino Tinto Barrica V.T. Castilla 0,75 L",
    "category": "Vinos d.o",
    "url": "https://tienda.consum.es/es/p/vino-tinto-barrica-vt-castilla/7370802",
    "price": 4.49,
    "reference_price": 5.99,
    "iva": 21,
    "reference_unit": "1 L",
    "date": "2023-01-17"
  },
  {
    "id": 26093,
    "name": "Crema de Sesamo Tahini Tarro EOS",
    "description": "Crema de Sesamo Tahini Tarro 200 Gr",
    "category": "Cocina internacional",
    "url": "https://tienda.consum.es/es/p/crema-de-sesamo-tahini-tarro/7370930",
    "price": 2.9,
    "reference_price": 14.5,
    "iva": 10,
    "reference_unit": "1 Kg",
    "date": "2023-01-17"
  },
  {
    "id": 26094,
    "name": "Lacón Asado TELLO",
    "description": "Lacón Asado 200 Gr",
    "category": "Jamón cocido - york",
    "url": "https://tienda.consum.es/es/p/lacon-asado/7370968",
    "price": 2.07,
    "reference_price": 10.35,
    "iva": 10,
    "reference_unit": "1 Kg",
    "date": "2023-01-17"
  },
  {
    "id": 26096,
    "name": "Crema Hidratante Original BULLDOG",
    "description": "Crema Hidratante Original 100 ml",
    "category": "Masculino",
    "url": "https://tienda.consum.es/es/p/crema-hidratante-original/7371453",
    "price": 5.99,
    "reference_price": 5.99,
    "iva": 21,
    "reference_unit": "100 ml",
    "date": "2023-01-17"
  },
  {
    "id": 26098,
    "name": "Crema Hidratante Anti-edad BULLDOG",
    "description": "Crema Hidratante Anti-edad 100 ml",
    "category": "Masculino",
    "url": "https://tienda.consum.es/es/p/crema-hidratante-anti-edad/7371461",
    "price": 7.79,
    "reference_price": 7.79,
    "iva": 21,
    "reference_unit": "100 ml",
    "date": "2023-01-17"
  },
  {
    "id": 26102,
    "name": "Alcohol Limpieza Perfumado Pistola JOSMI",
    "description": "Alcohol Limpieza Perfumado Pistola 0,75 L",
    "category": "Limpieza hogar",
    "url": "https://tienda.consum.es/es/p/alcohol-limpieza-perfumado-pistola/7371859",
    "price": 2.6,
    "reference_price": 3.47,
    "iva": 21,
    "reference_unit": "1 L",
    "date": "2023-01-17"
  },
  {
    "id": 26103,
    "name": "Enjuague Bucal Total Care LISTERINE",
    "description": "Enjuague Bucal Total Care 1000 ml",
    "category": "Antisépticos y enjuagues",
    "url": "https://tienda.consum.es/es/p/enjuague-bucal-total-care/7372126",
    "price": 9.95,
    "reference_price": 1,
    "iva": 21,
    "reference_unit": "100 ml",
    "date": "2023-01-17"
  },
  {
    "id": 26110,
    "name": "Aceituna Verde Rodajas Bote CONSUM",
    "description": "Aceituna Verde Rodajas Bote 110 Gr",
    "category": "Aceitunas sin hueso",
    "url": "https://tienda.consum.es/es/p/aceituna-verde-rodajas-bote/7330210",
    "price": 0.99,
    "reference_price": 9,
    "iva": 10,
    "reference_unit": "1 Kg",
    "date": "2023-01-17"
  },
  {
    "id": 26113,
    "name": "Desodorante Spray Aloe Vera Unisex KYREY",
    "description": "Desodorante Spray Aloe Vera Unisex 200 ml",
    "category": "Spray",
    "url": "https://tienda.consum.es/es/p/desodorante-spray-aloe-vera-unisex/7345965",
    "price": 1.4,
    "reference_price": 0.7,
    "iva": 21,
    "reference_unit": "100 ml",
    "date": "2023-01-17"
  },
  {
    "id": 26115,
    "name": "Desodorante Spray Extracontrol Mujer KYREY",
    "description": "Desodorante Spray Extracontrol Mujer 200 ml",
    "category": "Spray",
    "url": "https://tienda.consum.es/es/p/desodorante-spray-extracontrol-mujer/7345981",
    "price": 1.99,
    "reference_price": 1,
    "iva": 21,
    "reference_unit": "100 ml",
    "date": "2023-01-17"
  },
  {
    "id": 26116,
    "name": "Desodorante Spray Fresh Hombre KYREY",
    "description": "Desodorante Spray Fresh Hombre 200 ml",
    "category": "Spray",
    "url": "https://tienda.consum.es/es/p/desodorante-spray-fresh-hombre/7345986",
    "price": 1.99,
    "reference_price": 1,
    "iva": 21,
    "reference_unit": "100 ml",
    "date": "2023-01-17"
  },
  {
    "id": 26119,
    "name": "Comida Perros Gelatina Buey/Pollo VITALITY",
    "description": "Comida Perros Gelatina Buey/Pollo 4 x 100 Gr",
    "category": "Húmedo",
    "url": "https://tienda.consum.es/es/p/comida-perros-gelatina-buey/pollo/7353774",
    "price": 1.55,
    "reference_price": 3.88,
    "iva": 10,
    "reference_unit": "1 Kg",
    "date": "2023-01-17"
  },
  {
    "id": 26121,
    "name": "Lavavajillas en gel Todo en 1 CONSUM",
    "description": "Lavavajillas en gel todo en 1 36 Lv",
    "category": "Lavavajillas a máquina",
    "url": "https://tienda.consum.es/es/p/lavavajillas-en-gel-todo-en-1/7356574",
    "price": 3.25,
    "reference_price": 0.09,
    "iva": 21,
    "reference_unit": "1 Lv",
    "date": "2023-01-17"
  },
  {
    "id": 26125,
    "name": "Limpiador Multiusos Desinfectante CONSUM",
    "description": "Limpiador Multiusos Desinfectante 0,75 L",
    "category": "Limpieza hogar",
    "url": "https://tienda.consum.es/es/p/limpiador-multiusos-desinfectante/7363091",
    "price": 1.95,
    "reference_price": 2.6,
    "iva": 21,
    "reference_unit": "1 L",
    "date": "2023-01-17"
  },
  {
    "id": 26126,
    "name": "Limpiador Gel WC Desinfectante CONSUM",
    "description": "Limpiador Gel WC Desinfectante 0,75 L",
    "category": "Limpieza baños",
    "url": "https://tienda.consum.es/es/p/limpiador-gel-wc-desinfectante/7363096",
    "price": 1.59,
    "reference_price": 2.12,
    "iva": 21,
    "reference_unit": "1 L",
    "date": "2023-01-17"
  },
  {
    "id": 26130,
    "name": "Dentífrico Complete Protection PARODONTAX",
    "description": "Dentífrico Complete Protection 75 ml",
    "category": "Dentífricos",
    "url": "https://tienda.consum.es/es/p/dentifrico-complete-protection/7371052",
    "price": 4.99,
    "reference_price": 6.65,
    "iva": 21,
    "reference_unit": "100 ml",
    "date": "2023-01-17"
  },
  {
    "id": 26131,
    "name": "Maquinilla Afeitar Fusion5 5 Hojas 2 Recambios GILLETTE",
    "description": "Maquinilla Afeitar Fusion5 5 Hojas 2 Recambios 1 U",
    "category": "Maquinillas de afeitar",
    "url": "https://tienda.consum.es/es/p/maquinilla-afeitar-fusion5-5-hojas-2-recambios/7371417",
    "price": 12.39,
    "reference_price": 12.39,
    "iva": 21,
    "reference_unit": "1 U",
    "date": "2023-01-17"
  },
  {
    "id": 26132,
    "name": "Máquina Afeitar Skinguard Sensitive 2 R GILLETTE",
    "description": "Máquina Afeitar Skinguard Sensitive 2 R 1 U",
    "category": "Maquinillas de afeitar",
    "url": "https://tienda.consum.es/es/p/maquina-afeitar-skinguard-sensitive-2-r/7371420",
    "price": 12.99,
    "reference_price": 12.99,
    "iva": 21,
    "reference_unit": "1 U",
    "date": "2023-01-17"
  },
  {
    "id": 26135,
    "name": "Mascarilla Hair Sandía FRUCTIS",
    "description": "Mascarilla Hair Sandía 390 ml",
    "category": "Mascarillas cabello",
    "url": "https://tienda.consum.es/es/p/mascarilla-hair-sandia/7371490",
    "price": 5.9,
    "reference_price": 1.51,
    "iva": 21,
    "reference_unit": "100 ml",
    "date": "2023-01-17"
  },
  {
    "id": 26136,
    "name": "Cookies Nocilla Crema Leche NOCILLA",
    "description": "Cookies Nocilla Crema Leche 120 Gr",
    "category": "Galletas de chocolate",
    "url": "https://tienda.consum.es/es/p/cookies-nocilla-crema-leche/7371503",
    "price": 2.29,
    "reference_price": 19.08,
    "iva": 10,
    "reference_unit": "1 Kg",
    "date": "2023-01-17"
  },
  {
    "id": 26137,
    "name": "Cookies Nocilla Original NOCILLA",
    "description": "Cookies Nocilla Original 120 Gr",
    "category": "Galletas de chocolate",
    "url": "https://tienda.consum.es/es/p/cookies-nocilla-original/7371508",
    "price": 2.29,
    "reference_price": 19.08,
    "iva": 10,
    "reference_unit": "1 Kg",
    "date": "2023-01-17"
  },
  {
    "id": 26138,
    "name": "Cookies Mini Nocilla Original NOCILLA",
    "description": "Cookies Mini Nocilla Original 160 Gr",
    "category": "Galletas de chocolate",
    "url": "https://tienda.consum.es/es/p/cookies-mini-nocilla-original/7371511",
    "price": 2.79,
    "reference_price": 17.44,
    "iva": 10,
    "reference_unit": "1 Kg",
    "date": "2023-01-17"
  },
  {
    "id": 26146,
    "name": "Berenjena Aliñada Lata ANTONIO",
    "description": "Berenjena Aliñada Lata 350 Gr",
    "category": "Resto de encurtidos",
    "url": "https://tienda.consum.es/es/p/berenjena-alinada-lata/7372209",
    "price": 2.65,
    "reference_price": 7.57,
    "iva": 10,
    "reference_unit": "1 Kg",
    "date": "2023-01-17"
  },
  {
    "id": 26147,
    "name": "Berenjena Troceada Vidrio ANTONIO",
    "description": "Berenjena Troceada Vidrio 300 Gr",
    "category": "Resto de encurtidos",
    "url": "https://tienda.consum.es/es/p/berenjena-troceada-vidrio/7372212",
    "price": 2.99,
    "reference_price": 9.97,
    "iva": 10,
    "reference_unit": "1 Kg",
    "date": "2023-01-17"
  },
  {
    "id": 26154,
    "name": "Cerveza Americana Botella MILLER",
    "description": "Cerveza Americana Botella 0,33 L",
    "category": "Importación botella",
    "url": "https://tienda.consum.es/es/p/cerveza-americana-botella/7372386",
    "price": 1.15,
    "reference_price": 3.48,
    "iva": 21,
    "reference_unit": "1 L",
    "date": "2023-01-17"
  },
  {
    "id": 26159,
    "name": "Expresso Extraintenso 16 Cápsulas JURADO",
    "description": "Expresso Extraintenso 16 Cápsulas 16 U",
    "category": "Café en cápsulas",
    "url": "https://tienda.consum.es/es/p/expresso-extraintenso-16-capsulas/7372683",
    "price": 3.3,
    "reference_price": 0.21,
    "iva": 10,
    "reference_unit": "1 U",
    "date": "2023-01-17"
  },
  {
    "id": 26161,
    "name": "Recambio Maquinilla Fusion5 5 Hojas GILLETTE",
    "description": "Recambio Maquinilla Fusion5 5 Hojas 4 U",
    "category": "Recambios hojas afeitar",
    "url": "https://tienda.consum.es/es/p/recambio-maquinilla-fusion5-5-hojas/7372837",
    "price": 13.95,
    "reference_price": 3.49,
    "iva": 21,
    "reference_unit": "1 U",
    "date": "2023-01-17"
  },
  {
    "id": 26162,
    "name": "Recambio Maquinilla Mach3 Turbo 3 Hojas GILLETTE",
    "description": "Recambio Maquinilla Mach3 Turbo 3 Hojas 4 U",
    "category": "Recambios hojas afeitar",
    "url": "https://tienda.consum.es/es/p/recambio-maquinilla-mach3-turbo-3-hojas/7372852",
    "price": 13.5,
    "reference_price": 3.38,
    "iva": 21,
    "reference_unit": "1 U",
    "date": "2023-01-17"
  },
  {
    "id": 26163,
    "name": "Recambio Maquinilla Proglide Power 5 Hojas GILLETTE",
    "description": "Recambio Maquinilla Proglide Power 5 Hojas 3 U",
    "category": "Recambios hojas afeitar",
    "url": "https://tienda.consum.es/es/p/recambio-maquinilla-proglide-power-5-hojas/7373041",
    "price": 17.49,
    "reference_price": 5.83,
    "iva": 21,
    "reference_unit": "1 U",
    "date": "2023-01-17"
  },
  {
    "id": 26165,
    "name": "Recambio Maquinilla Proglide 5 Hojas GILLETTE",
    "description": "Recambio Maquinilla Proglide 5 Hojas 3 U",
    "category": "Recambios hojas afeitar",
    "url": "https://tienda.consum.es/es/p/recambio-maquinilla-proglide-5-hojas/7373053",
    "price": 16.9,
    "reference_price": 5.63,
    "iva": 21,
    "reference_unit": "1 U",
    "date": "2023-01-17"
  },
  {
    "id": 26166,
    "name": "Recambio Maquinilla Skinguard Sensitive GILLETTE",
    "description": "Recambio Maquinilla Skinguard Sensitive 3 U",
    "category": "Recambios hojas afeitar",
    "url": "https://tienda.consum.es/es/p/recambio-maquinilla-skinguard-sensitive/7373058",
    "price": 13.29,
    "reference_price": 4.43,
    "iva": 21,
    "reference_unit": "1 U",
    "date": "2023-01-17"
  },
  {
    "id": 26197,
    "name": "Copos Trigo Espelta Ecológicos integrales CONSUM ECO",
    "description": "Copos Trigo Espelta Ecológicos integrales 350 Gr",
    "category": "Cereales",
    "url": "https://tienda.consum.es/es/p/copos-trigo-espelta-ecologicos-integrales/7347057",
    "price": 3.15,
    "reference_price": 9,
    "iva": 10,
    "reference_unit": "1 Kg",
    "date": "2023-01-17"
  },
  {
    "id": 26198,
    "name": "Copos Avena Integral Ecológicos CONSUM ECO",
    "description": "Copos Avena Integral Ecológicos 500 Gr",
    "category": "Cereales",
    "url": "https://tienda.consum.es/es/p/copos-avena-integral-ecologicos/7347060",
    "price": 2.15,
    "reference_price": 4.3,
    "iva": 10,
    "reference_unit": "1 Kg",
    "date": "2023-01-17"
  },
  {
    "id": 26199,
    "name": "Detergente Líquido Frescor CONSUM",
    "description": "Detergente Líquido Frescor 52 Lv",
    "category": "A máquina líquido",
    "url": "https://tienda.consum.es/es/p/detergente-liquido-frescor/7351153",
    "price": 4.15,
    "reference_price": 0.08,
    "iva": 21,
    "reference_unit": "1 Lv",
    "date": "2023-01-17"
  },
  {
    "id": 26200,
    "name": "Detergente Líquido Mano CONSUM",
    "description": "Detergente Líquido Mano 1 L",
    "category": "A mano y jabón común",
    "url": "https://tienda.consum.es/es/p/detergente-liquido-mano/7351182",
    "price": 2.1,
    "reference_price": 2.1,
    "iva": 21,
    "reference_unit": "1 L",
    "date": "2023-01-17"
  },
  {
    "id": 26202,
    "name": "Esponja Facial Mimos BETER",
    "description": "Esponja Facial Mimos 1 U",
    "category": "Rostro",
    "url": "https://tienda.consum.es/es/p/esponja-facial-mimos/7371185",
    "price": 3.95,
    "reference_price": 3.95,
    "iva": 21,
    "reference_unit": "1 U",
    "date": "2023-01-17"
  },
  {
    "id": 26203,
    "name": "Triángulos de Maíz Sabor Chili Bolsa DORITOS",
    "description": "Triángulos de Maíz Sabor Chili Bolsa 140 Gr",
    "category": "Snacks y otros aperitivos",
    "url": "https://tienda.consum.es/es/p/triangulos-de-maiz-sabor-chili-bolsa/7371862",
    "price": 1.95,
    "reference_price": 13.93,
    "iva": 10,
    "reference_unit": "1 Kg",
    "date": "2023-01-17"
  },
  {
    "id": 26204,
    "name": "Triángulos de Maíz Sabor Tex-Mex Bolsa DORITOS",
    "description": "Triángulos de Maíz Sabor Tex-Mex Bolsa 140 Gr",
    "category": "Snacks y otros aperitivos",
    "url": "https://tienda.consum.es/es/p/triangulos-de-maiz-sabor-tex-mex-bolsa/7371867",
    "price": 1.65,
    "reference_price": 11.79,
    "iva": 10,
    "reference_unit": "1 Kg",
    "date": "2023-01-17"
  },
  {
    "id": 26205,
    "name": "Triángulos de Maíz Sabor Tex-Mex Ahorro DORITOS",
    "description": "Triángulos de Maíz Sabor Tex-Mex Ahorro 260 Gr",
    "category": "Snacks y otros aperitivos",
    "url": "https://tienda.consum.es/es/p/triangulos-de-maiz-sabor-tex-mex-ahorro/7371883",
    "price": 3.29,
    "reference_price": 12.65,
    "iva": 10,
    "reference_unit": "1 Kg",
    "date": "2023-01-17"
  },
  {
    "id": 26207,
    "name": "Cerveza Checa Botella STAROPRAMEN",
    "description": "Cerveza Checa Botella 0,33 L",
    "category": "Importación botella",
    "url": "https://tienda.consum.es/es/p/cerveza-checa-botella/7372381",
    "price": 1.15,
    "reference_price": 3.48,
    "iva": 21,
    "reference_unit": "1 L",
    "date": "2023-01-17"
  },
  {
    "id": 26211,
    "name": "Plantilla Gel Talla 36-39 ACHUCHONAS",
    "description": "Plantilla Gel Talla 36-39 1 U",
    "category": "Limpieza calzado y accesorios",
    "url": "https://tienda.consum.es/es/p/plantilla-gel-talla-36-39/7372530",
    "price": 3.99,
    "reference_price": 3.99,
    "iva": 21,
    "reference_unit": "1 U",
    "date": "2023-01-17"
  },
  {
    "id": 26212,
    "name": "Plantilla Gel Talla 40-42 ACHUCHONAS",
    "description": "Plantilla Gel Talla 40-42 1 U",
    "category": "Limpieza calzado y accesorios",
    "url": "https://tienda.consum.es/es/p/plantilla-gel-talla-40-42/7372548",
    "price": 3.99,
    "reference_price": 3.99,
    "iva": 21,
    "reference_unit": "1 U",
    "date": "2023-01-17"
  },
  {
    "id": 26213,
    "name": "Crema de Queso Finas Hierbas CREMETTE",
    "description": "Crema de Queso Finas Hierbas 150 Gr",
    "category": "Quesos Para untar",
    "url": "https://tienda.consum.es/es/p/crema-de-queso-finas-hierbas/7372550",
    "price": 1.91,
    "reference_price": 12.73,
    "iva": 0,
    "reference_unit": "1 Kg",
    "date": "2023-01-17"
  },
  {
    "id": 26215,
    "name": "Sosa Cáustica Bote JOSMI",
    "description": "Sosa Cáustica Bote 1 Kg",
    "category": "Desatascador limpia tuberías",
    "url": "https://tienda.consum.es/es/p/sosa-caustica-bote/7372618",
    "price": 3.4,
    "reference_price": 3.4,
    "iva": 21,
    "reference_unit": "1 Kg",
    "date": "2023-01-17"
  },
  {
    "id": 26216,
    "name": "Quitamanchas Pistola Oxi Action VANISH",
    "description": "Quitamanchas Pistola Oxi Action 0,75 L",
    "category": "Aditivos y complementos",
    "url": "https://tienda.consum.es/es/p/quitamanchas-pistola-oxi-action/7372621",
    "price": 4.39,
    "reference_price": 5.85,
    "iva": 21,
    "reference_unit": "1 L",
    "date": "2023-01-17"
  },
  {
    "id": 26218,
    "name": "Salsa Ranchera YBARRA",
    "description": "Salsa Ranchera 250 ml",
    "category": "Otras salsas",
    "url": "https://tienda.consum.es/es/p/salsa-ranchera/7372758",
    "price": 2.25,
    "reference_price": 9,
    "iva": 10,
    "reference_unit": "1 L",
    "date": "2023-01-17"
  },
  {
    "id": 26219,
    "name": "Discos Bio Desmaquillar Redondos Algodón Bío BEL NATURE",
    "description": "Discos Bio Desmaquillar Redondos Algodón Bío 70 U",
    "category": "Limpieza y desmaquilladores",
    "url": "https://tienda.consum.es/es/p/discos-bio-desmaquillar-redondos-algodon-bio/7372761",
    "price": 1.15,
    "reference_price": 0.02,
    "iva": 21,
    "reference_unit": "1 U",
    "date": "2023-01-17"
  },
  {
    "id": 26222,
    "name": "Zumo Manzana 100% Free JUVER",
    "description": "Zumo Manzana 100% Free 1 L",
    "category": "Zumos y néctares no refrigerados",
    "url": "https://tienda.consum.es/es/p/zumo-manzana-100-free/7372878",
    "price": 2.45,
    "reference_price": 2.45,
    "iva": 10,
    "reference_unit": "1 L",
    "date": "2023-01-17"
  },
  {
    "id": 26225,
    "name": "Cesta de Queso de Cabra 1 Unidad ",
    "description": "Cesta de Queso de Cabra 1 Unidad 85 Gr",
    "category": "Pizzas y hojaldres",
    "url": "https://tienda.consum.es/es/p/cesta-de-queso-de-cabra-1-unidad/7373132",
    "price": 1.45,
    "reference_price": 17.06,
    "iva": 10,
    "reference_unit": "1 Kg",
    "date": "2023-01-17"
  },
  {
    "id": 26226,
    "name": "Maquinilla Depilación Venus Breeze 3 Hojas GILLETTE",
    "description": "Maquinilla Depilación Venus Breeze 3 Hojas 1 U",
    "category": "Maquinillas y recambios",
    "url": "https://tienda.consum.es/es/p/maquinilla-depilacion-venus-breeze-3-hojas/7373264",
    "price": 7.95,
    "reference_price": 7.95,
    "iva": 21,
    "reference_unit": "1 U",
    "date": "2023-01-17"
  },
  {
    "id": 26227,
    "name": "Recambio Maquinilla Venus Breeze 3 Hojas GILLETTE",
    "description": "Recambio Maquinilla Venus Breeze 3 Hojas 4 U",
    "category": "Maquinillas y recambios",
    "url": "https://tienda.consum.es/es/p/recambio-maquinilla-venus-breeze-3-hojas/7373322",
    "price": 13.9,
    "reference_price": 3.48,
    "iva": 21,
    "reference_unit": "1 U",
    "date": "2023-01-17"
  },
  {
    "id": 26229,
    "name": "Remolacha en Rodajas Frasco BONDUELLE",
    "description": "Remolacha en Rodajas Frasco 305 Gr",
    "category": "Otros vegetales",
    "url": "https://tienda.consum.es/es/p/remolacha-en-rodajas-frasco/7373413",
    "price": 2.19,
    "reference_price": 7.18,
    "iva": 10,
    "reference_unit": "1 Kg",
    "date": "2023-01-17"
  },
  {
    "id": 26232,
    "name": "Barra Espiga Tradición ",
    "description": "Barra Espiga Tradición 250 Gr",
    "category": "Pan de horno",
    "url": "https://tienda.consum.es/es/p/barra-espiga-tradicion/7373611",
    "price": 0.95,
    "reference_price": 3.8,
    "iva": 0,
    "reference_unit": "1 Kg",
    "date": "2023-01-17"
  },
  {
    "id": 26235,
    "name": "Salsa Tártara Tarro CALVÉ",
    "description": "Salsa Tártara Tarro 225 ml",
    "category": "Otras salsas",
    "url": "https://tienda.consum.es/es/p/salsa-tartara-tarro/7373806",
    "price": 1.69,
    "reference_price": 7.51,
    "iva": 10,
    "reference_unit": "1 L",
    "date": "2023-01-17"
  },
  {
    "id": 26236,
    "name": "Mayonesa Zero Tarro CALVÉ",
    "description": "Mayonesa Zero Tarro 225 ml",
    "category": "Mayonesa",
    "url": "https://tienda.consum.es/es/p/mayonesa-zero-tarro/7373830",
    "price": 1.49,
    "reference_price": 6.62,
    "iva": 10,
    "reference_unit": "1 L",
    "date": "2023-01-17"
  },
  {
    "id": 26237,
    "name": "Salsa Vegana Tarro HELLMANN'S",
    "description": "Salsa Vegana Tarro 280 ml",
    "category": "Mayonesa",
    "url": "https://tienda.consum.es/es/p/salsa-vegana-tarro/7373835",
    "price": 3.49,
    "reference_price": 12.46,
    "iva": 10,
    "reference_unit": "1 L",
    "date": "2023-01-17"
  },
  {
    "id": 26243,
    "name": "Comida Gatos Salsa Buey/Pollo VITALITY",
    "description": "Comida Gatos Salsa Buey/Pollo 4 x 100 Gr",
    "category": "Húmedo",
    "url": "https://tienda.consum.es/es/p/comida-gatos-salsa-buey/pollo/7353688",
    "price": 1.35,
    "reference_price": 3.38,
    "iva": 10,
    "reference_unit": "1 Kg",
    "date": "2023-01-17"
  },
  {
    "id": 26245,
    "name": "Ambientador Perlas Frutos Rojos CONSUM",
    "description": "Ambientador Perlas Frutos Rojos 1 U",
    "category": "Continuos y decorativos",
    "url": "https://tienda.consum.es/es/p/ambientador-perlas-frutos-rojos/7366268",
    "price": 1.45,
    "reference_price": 1.45,
    "iva": 21,
    "reference_unit": "1 U",
    "date": "2023-01-17"
  },
  {
    "id": 26246,
    "name": "Ambientador Perlas Agua Fresca CONSUM",
    "description": "Ambientador Perlas Agua Fresca 1 U",
    "category": "Continuos y decorativos",
    "url": "https://tienda.consum.es/es/p/ambientador-perlas-agua-fresca/7366271",
    "price": 1.45,
    "reference_price": 1.45,
    "iva": 21,
    "reference_unit": "1 U",
    "date": "2023-01-17"
  },
  {
    "id": 26251,
    "name": "Nuggets 0% Pollo congelados GREEN CUISIN",
    "description": "Nuggets 0% Pollo congelados 250 Gr",
    "category": "Platos preparados",
    "url": "https://tienda.consum.es/es/p/nuggets-0-pollo-congelados/7372175",
    "price": 4.49,
    "reference_price": 17.96,
    "iva": 10,
    "reference_unit": "1 Kg",
    "date": "2023-01-17"
  },
  {
    "id": 26253,
    "name": "Puerro Granel ",
    "description": "Puerro Granel",
    "category": "Patatas, cebollas y ajos",
    "url": "https://tienda.consum.es/es/p/puerro-granel/7372258",
    "price": 0.32,
    "reference_price": 2.88,
    "iva": 0,
    "reference_unit": "1 Kg",
    "date": "2023-01-17"
  },
  {
    "id": 26254,
    "name": "Arroz Basmati Paquete SUNDARI",
    "description": "Arroz Basmati Paquete 1 Kg",
    "category": "Arroz",
    "url": "https://tienda.consum.es/es/p/arroz-basmati-paquete/7372589",
    "price": 3.34,
    "reference_price": 3.34,
    "iva": 0,
    "reference_unit": "1 Kg",
    "date": "2023-01-17"
  },
  {
    "id": 26258,
    "name": "Cous Cous Vaso Pack de 2 BRILLANTE",
    "description": "Cous Cous Vaso Pack de 2 2 x 125 Gr",
    "category": "Especial, integral y sémolas",
    "url": "https://tienda.consum.es/es/p/cous-cous-vaso-pack-de-2/7372647",
    "price": 1.49,
    "reference_price": 5.96,
    "iva": 10,
    "reference_unit": "1 Kg",
    "date": "2023-01-17"
  },
  {
    "id": 26259,
    "name": "Desodorante Spray B&W Men Active NIVEA",
    "description": "Desodorante Spray B&W Men Active 200 ml",
    "category": "Spray",
    "url": "https://tienda.consum.es/es/p/desodorante-spray-bw-men-active/7372725",
    "price": 2.95,
    "reference_price": 1.48,
    "iva": 21,
    "reference_unit": "100 ml",
    "date": "2023-01-17"
  },
  {
    "id": 26261,
    "name": "Tinte Color Advance Nº3 Castaño Oscuro LLONGUERAS",
    "description": "Tinte Color Advance Nº3 Castaño Oscuro 1 U",
    "category": "Coloración",
    "url": "https://tienda.consum.es/es/p/tinte-color-advance-n3-castano-oscuro/7372738",
    "price": 6.59,
    "reference_price": 6.59,
    "iva": 21,
    "reference_unit": "1 U",
    "date": "2023-01-17"
  },
  {
    "id": 26263,
    "name": "Mousse Dúo Chocolate Blanco y con Leche LA LECHERA",
    "description": "Mousse Dúo Chocolate Blanco y con Leche 4 x 59 Gr",
    "category": "Mousse",
    "url": "https://tienda.consum.es/es/p/mousse-duo-chocolate-blanco-y-con-leche/7373038",
    "price": 2.45,
    "reference_price": 10.38,
    "iva": 10,
    "reference_unit": "1 Kg",
    "date": "2023-01-17"
  },
  {
    "id": 26265,
    "name": "Pañal Sensitive T1 De 2 a 5 Kg DODOT",
    "description": "Pañal Sensitive T1 De 2 a 5 Kg 44 U",
    "category": "Bebé: Talla de 0 a 3",
    "url": "https://tienda.consum.es/es/p/panal-sensitive-t1-de-2-a-5-kg/7373116",
    "price": 12.6,
    "reference_price": 0.29,
    "iva": 21,
    "reference_unit": "1 U",
    "date": "2023-01-17"
  },
  {
    "id": 26269,
    "name": "Pañal Sensitive Talla 2 De 4 a 8 Kg DODOT",
    "description": "Pañal Sensitive Talla 2 De 4 a 8 Kg 39 U",
    "category": "Bebé: Talla de 0 a 3",
    "url": "https://tienda.consum.es/es/p/panal-sensitive-talla-2-de-4-a-8-kg/7373165",
    "price": 10.5,
    "reference_price": 0.27,
    "iva": 21,
    "reference_unit": "1 U",
    "date": "2023-01-17"
  },
  {
    "id": 26273,
    "name": "Sidra MAYADOR",
    "description": "Sidra 0,75 L",
    "category": "Cavas y sidras",
    "url": "https://tienda.consum.es/es/p/sidra/7373293",
    "price": 1.5,
    "reference_price": 2,
    "iva": 21,
    "reference_unit": "1 L",
    "date": "2023-01-17"
  },
  {
    "id": 26274,
    "name": "Sidra sin Alcohol MAYADOR",
    "description": "Sidra sin Alcohol 0,75 L",
    "category": "Cavas y sidras",
    "url": "https://tienda.consum.es/es/p/sidra-sin-alcohol/7373298",
    "price": 1.4,
    "reference_price": 1.87,
    "iva": 21,
    "reference_unit": "1 L",
    "date": "2023-01-17"
  },
  {
    "id": 26276,
    "name": "Sidra Pack 6 unidades MAYADOR",
    "description": "Sidra Pack 6 unidades 6 x 0,25 L",
    "category": "Cavas y sidras",
    "url": "https://tienda.consum.es/es/p/sidra-pack-6-unidades/7373314",
    "price": 3.6,
    "reference_price": 2.4,
    "iva": 21,
    "reference_unit": "1 L",
    "date": "2023-01-17"
  },
  {
    "id": 26282,
    "name": "Desodorante Spray Leather&Cook AXE",
    "description": "Desodorante Spray Leather&Cook 150 ml",
    "category": "Spray",
    "url": "https://tienda.consum.es/es/p/desodorante-spray-leathercook/7373520",
    "price": 3.75,
    "reference_price": 2.5,
    "iva": 21,
    "reference_unit": "100 ml",
    "date": "2023-01-17"
  },
  {
    "id": 26286,
    "name": "Zumo Exprimido Piña Brik DON SIMON",
    "description": "Zumo Exprimido Piña Brik 1 L",
    "category": "Zumos y néctares no refrigerados",
    "url": "https://tienda.consum.es/es/p/zumo-exprimido-pina-brik/7373629",
    "price": 2.2,
    "reference_price": 2.2,
    "iva": 10,
    "reference_unit": "1 L",
    "date": "2023-01-17"
  },
  {
    "id": 26290,
    "name": "Sidra Natural M.BUSTO",
    "description": "Sidra Natural 0,7 L",
    "category": "Cavas y sidras",
    "url": "https://tienda.consum.es/es/p/sidra-natural/7373707",
    "price": 1.89,
    "reference_price": 2.7,
    "iva": 21,
    "reference_unit": "1 L",
    "date": "2023-01-17"
  },
  {
    "id": 26291,
    "name": "Nachos XL Bolsa ZANUY",
    "description": "Nachos XL Bolsa 150 Gr",
    "category": "Snacks y otros aperitivos",
    "url": "https://tienda.consum.es/es/p/nachos-xl-bolsa/7373715",
    "price": 1.45,
    "reference_price": 9.67,
    "iva": 10,
    "reference_unit": "1 Kg",
    "date": "2023-01-17"
  },
  {
    "id": 26293,
    "name": "Colgador WC Agua Azul PATO",
    "description": "Colgador WC Agua Azul 1 U",
    "category": "Limpieza baños",
    "url": "https://tienda.consum.es/es/p/colgador-wc-agua-azul/7373764",
    "price": 2.15,
    "reference_price": 2.15,
    "iva": 21,
    "reference_unit": "1 U",
    "date": "2023-01-17"
  },
  {
    "id": 26295,
    "name": "Limpiador Antical Desinfectante Pistola SANICENTRO",
    "description": "Limpiador Antical Desinfectante Pistola 750 ml",
    "category": "Antical",
    "url": "https://tienda.consum.es/es/p/limpiador-antical-desinfectante-pistola/7373934",
    "price": 1.79,
    "reference_price": 2.39,
    "iva": 21,
    "reference_unit": "1 L",
    "date": "2023-01-17"
  },
  {
    "id": 26300,
    "name": "Sopa de Letritas Sobre KNORR",
    "description": "Sopa de Letritas Sobre 82 Gr",
    "category": "Preparados en sobre",
    "url": "https://tienda.consum.es/es/p/sopa-de-letritas-sobre/7374098",
    "price": 0.79,
    "reference_price": 9.63,
    "iva": 10,
    "reference_unit": "1 Kg",
    "date": "2023-01-17"
  },
  {
    "id": 26301,
    "name": "Refresco Cola Zero Lata COCA-COLA",
    "description": "Refresco Cola Zero Lata 0,33 L",
    "category": "Cola",
    "url": "https://tienda.consum.es/es/p/refresco-cola-zero-lata/7374742",
    "price": 0.85,
    "reference_price": 2.58,
    "iva": 21,
    "reference_unit": "1 L",
    "date": "2023-01-17"
  },
  {
    "id": 26302,
    "name": "Refresco Cola Zero Zero Lata COCA-COLA",
    "description": "Refresco Cola Zero Zero Lata 0,33 L",
    "category": "Cola",
    "url": "https://tienda.consum.es/es/p/refresco-cola-zero-zero-lata/7374747",
    "price": 0.85,
    "reference_price": 2.58,
    "iva": 21,
    "reference_unit": "1 L",
    "date": "2023-01-17"
  },
  {
    "id": 26303,
    "name": "Refresco Cola Lata COCA-COLA",
    "description": "Refresco Cola Lata 0,33 L",
    "category": "Cola",
    "url": "https://tienda.consum.es/es/p/refresco-cola-lata/7374759",
    "price": 0.85,
    "reference_price": 2.58,
    "iva": 21,
    "reference_unit": "1 L",
    "date": "2023-01-17"
  },
  {
    "id": 26305,
    "name": "Detergente Líquido Marsella CONSUM",
    "description": "Detergente Líquido Marsella 52 Lv",
    "category": "A máquina líquido",
    "url": "https://tienda.consum.es/es/p/detergente-liquido-marsella/7351146",
    "price": 4.15,
    "reference_price": 0.08,
    "iva": 21,
    "reference_unit": "1 Lv",
    "date": "2023-01-17"
  },
  {
    "id": 26308,
    "name": "Pimiento Relleno de Bacalao 4 Unidades congelado FRISA",
    "description": "Pimiento Relleno de Bacalao 4 Unidades congelado 240 Gr",
    "category": "Platos preparados",
    "url": "https://tienda.consum.es/es/p/pimiento-relleno-de-bacalao-4-unidades-congelado/7371987",
    "price": 2.29,
    "reference_price": 9.54,
    "iva": 10,
    "reference_unit": "1 Kg",
    "date": "2023-01-17"
  },
  {
    "id": 26310,
    "name": "Jabón Natural Rosa Mosqueta NATURAFEMME",
    "description": "Jabón Natural Rosa Mosqueta 100 Gr",
    "category": "Limpieza y desmaquilladores",
    "url": "https://tienda.consum.es/es/p/jabon-natural-rosa-mosqueta/7372741",
    "price": 1.99,
    "reference_price": 19.9,
    "iva": 21,
    "reference_unit": "1 Kg",
    "date": "2023-01-17"
  },
  {
    "id": 26311,
    "name": "Pinzas Acero Inoxidable Expert SAN IGNACIO",
    "description": "Pinzas Acero Inoxidable Expert 1 U",
    "category": "Menaje cocina",
    "url": "https://tienda.consum.es/es/p/pinzas-acero-inoxidable-expert/7372790",
    "price": 5.19,
    "reference_price": 5.19,
    "iva": 21,
    "reference_unit": "1 U",
    "date": "2023-01-17"
  },
  {
    "id": 26312,
    "name": "Rasera Ranurada 34 cm Expert SAN IGNACIO",
    "description": "Rasera Ranurada 34 cm Expert 1 U",
    "category": "Menaje cocina",
    "url": "https://tienda.consum.es/es/p/rasera-ranurada-34-cm-expert/7372803",
    "price": 3.79,
    "reference_price": 3.79,
    "iva": 21,
    "reference_unit": "1 U",
    "date": "2023-01-17"
  },
  {
    "id": 26313,
    "name": "Espumadera 35.5 cm Expert SAN IGNACIO",
    "description": "Espumadera 35.5 cm Expert 1 U",
    "category": "Menaje cocina",
    "url": "https://tienda.consum.es/es/p/espumadera-355-cm-expert/7372808",
    "price": 3.79,
    "reference_price": 3.79,
    "iva": 21,
    "reference_unit": "1 U",
    "date": "2023-01-17"
  },
  {
    "id": 26314,
    "name": "Batidor 25x14.5x6 cm Expert SAN IGNACIO",
    "description": "Batidor 25x14.5x6 cm Expert 1 U",
    "category": "Menaje cocina",
    "url": "https://tienda.consum.es/es/p/batidor-25x145x6-cm-expert/7372811",
    "price": 3.72,
    "reference_price": 3.72,
    "iva": 21,
    "reference_unit": "1 U",
    "date": "2023-01-17"
  },
  {
    "id": 26315,
    "name": "Rasera Ranurada 35 cm Acero Inoxidable Expert SAN IGNACIO",
    "description": "Rasera Ranurada 35 cm Acero Inoxidable Expert 1 U",
    "category": "Menaje cocina",
    "url": "https://tienda.consum.es/es/p/rasera-ranurada-35-cm-acero-inoxidable-expert/7372824",
    "price": 5.19,
    "reference_price": 5.19,
    "iva": 21,
    "reference_unit": "1 U",
    "date": "2023-01-17"
  },
  {
    "id": 26316,
    "name": "Cazo Sopa Acero Inoxidable Expert SAN IGNACIO",
    "description": "Cazo Sopa Acero Inoxidable Expert 1 U",
    "category": "Menaje cocina",
    "url": "https://tienda.consum.es/es/p/cazo-sopa-acero-inoxidable-expert/7372832",
    "price": 6.19,
    "reference_price": 6.19,
    "iva": 21,
    "reference_unit": "1 U",
    "date": "2023-01-17"
  },
  {
    "id": 26317,
    "name": "Cuchara de Cocina Acero Inoxidable Expert SAN IGNACIO",
    "description": "Cuchara de Cocina Acero Inoxidable Expert 1 U",
    "category": "Menaje cocina",
    "url": "https://tienda.consum.es/es/p/cuchara-de-cocina-acero-inoxidable-expert/7372840",
    "price": 6.19,
    "reference_price": 6.19,
    "iva": 21,
    "reference_unit": "1 U",
    "date": "2023-01-17"
  },
  {
    "id": 26318,
    "name": "Rasera Acero Inoxidable Expert SAN IGNACIO",
    "description": "Rasera Acero Inoxidable Expert 1 U",
    "category": "Menaje cocina",
    "url": "https://tienda.consum.es/es/p/rasera-acero-inoxidable-expert/7372845",
    "price": 6.19,
    "reference_price": 6.19,
    "iva": 21,
    "reference_unit": "1 U",
    "date": "2023-01-17"
  },
  {
    "id": 26319,
    "name": "Servidor Spaghetti Nylon Expert SAN IGNACIO",
    "description": "Servidor Spaghetti Nylon Expert 1 U",
    "category": "Menaje cocina",
    "url": "https://tienda.consum.es/es/p/servidor-spaghetti-nylon-expert/7372857",
    "price": 3.79,
    "reference_price": 3.79,
    "iva": 21,
    "reference_unit": "1 U",
    "date": "2023-01-17"
  },
  {
    "id": 26320,
    "name": "Cuchillo Santoku 17.5 cm Acero Inoxidable Expert SAN IGNACIO",
    "description": "Cuchillo Santoku 17.5 cm Acero Inoxidable Expert 1 U",
    "category": "Menaje cocina",
    "url": "https://tienda.consum.es/es/p/cuchillo-santoku-175-cm-acero-inoxidable-expert/7372902",
    "price": 4.19,
    "reference_price": 4.19,
    "iva": 21,
    "reference_unit": "1 U",
    "date": "2023-01-17"
  },
  {
    "id": 26321,
    "name": "Cuchillo Chef 20 cm Acero Inoxidable Expert SAN IGNACIO",
    "description": "Cuchillo Chef 20 cm Acero Inoxidable Expert 1 U",
    "category": "Menaje cocina",
    "url": "https://tienda.consum.es/es/p/cuchillo-chef-20-cm-acero-inoxidable-expert/7372907",
    "price": 4.19,
    "reference_price": 4.19,
    "iva": 21,
    "reference_unit": "1 U",
    "date": "2023-01-17"
  },
  {
    "id": 26322,
    "name": "Cuchillo Panero 20 cm Acero Inoxidable Expert SAN IGNACIO",
    "description": "Cuchillo Panero 20 cm Acero Inoxidable Expert 1 U",
    "category": "Menaje cocina",
    "url": "https://tienda.consum.es/es/p/cuchillo-panero-20-cm-acero-inoxidable-expert/7372910",
    "price": 4.19,
    "reference_price": 4.19,
    "iva": 21,
    "reference_unit": "1 U",
    "date": "2023-01-17"
  },
  {
    "id": 26323,
    "name": "Cuchillo Trinchador 20 cm Acero Inoxidable Expert SAN IGNACIO",
    "description": "Cuchillo Trinchador 20 cm Acero Inoxidable Expert 1 U",
    "category": "Menaje cocina",
    "url": "https://tienda.consum.es/es/p/cuchillo-trinchador-20-cm-acero-inoxidable-expert/7372915",
    "price": 4.19,
    "reference_price": 4.19,
    "iva": 21,
    "reference_unit": "1 U",
    "date": "2023-01-17"
  },
  {
    "id": 26328,
    "name": "Pincel Silicona 22x5 cm Expert SAN IGNACIO",
    "description": "Pincel Silicona 22x5 cm Expert 1 U",
    "category": "Menaje cocina",
    "url": "https://tienda.consum.es/es/p/pincel-silicona-22x5-cm-expert/7372969",
    "price": 1.99,
    "reference_price": 1.99,
    "iva": 21,
    "reference_unit": "1 U",
    "date": "2023-01-17"
  },
  {
    "id": 26329,
    "name": "Raspador Silicona Expert SAN IGNACIO",
    "description": "Raspador Silicona Expert 1 U",
    "category": "Menaje cocina",
    "url": "https://tienda.consum.es/es/p/raspador-silicona-expert/7372972",
    "price": 3.69,
    "reference_price": 3.69,
    "iva": 21,
    "reference_unit": "1 U",
    "date": "2023-01-17"
  },
  {
    "id": 26330,
    "name": "Cortador Repostería Expert SAN IGNACIO",
    "description": "Cortador Repostería Expert 1 U",
    "category": "Menaje cocina",
    "url": "https://tienda.consum.es/es/p/cortador-reposteria-expert/7372977",
    "price": 2.59,
    "reference_price": 2.59,
    "iva": 21,
    "reference_unit": "1 U",
    "date": "2023-01-17"
  },
  {
    "id": 26331,
    "name": "Colador Acero Inoxidable Expert SAN IGNACIO",
    "description": "Colador Acero Inoxidable Expert 1 U",
    "category": "Menaje cocina",
    "url": "https://tienda.consum.es/es/p/colador-acero-inoxidable-expert/7372980",
    "price": 6.59,
    "reference_price": 6.59,
    "iva": 21,
    "reference_unit": "1 U",
    "date": "2023-01-17"
  },
  {
    "id": 26332,
    "name": "Cortador Pizza 18.5x7 cm Acero Inoxidable Expert SAN IGNACIO",
    "description": "Cortador Pizza 18.5x7 cm Acero Inoxidable Expert 1 U",
    "category": "Menaje cocina",
    "url": "https://tienda.consum.es/es/p/cortador-pizza-185x7-cm-acero-inoxidable-expert/7372985",
    "price": 3.19,
    "reference_price": 3.19,
    "iva": 21,
    "reference_unit": "1 U",
    "date": "2023-01-17"
  },
  {
    "id": 26333,
    "name": "Abrelatas 20.5x5.5 cm Acero Inoxidable Expert SAN IGNACIO",
    "description": "Abrelatas 20.5x5.5 cm Acero Inoxidable Expert 1 U",
    "category": "Menaje cocina",
    "url": "https://tienda.consum.es/es/p/abrelatas-205x55-cm-acero-inoxidable-expert/7372998",
    "price": 5.19,
    "reference_price": 5.19,
    "iva": 21,
    "reference_unit": "1 U",
    "date": "2023-01-17"
  },
  {
    "id": 26334,
    "name": "Abrebotellas 19x4.3 cm Acero Inoxidable Expert SAN IGNACIO",
    "description": "Abrebotellas 19x4.3 cm Acero Inoxidable Expert 1 U",
    "category": "Menaje cocina",
    "url": "https://tienda.consum.es/es/p/abrebotellas-19x43-cm-acero-inoxidable-expert/7373004",
    "price": 2.59,
    "reference_price": 2.59,
    "iva": 21,
    "reference_unit": "1 U",
    "date": "2023-01-17"
  },
  {
    "id": 26335,
    "name": "Rallador 23.5x6 cm Acero Inoxidable Expert SAN IGNACIO",
    "description": "Rallador 23.5x6 cm Acero Inoxidable Expert 1 U",
    "category": "Menaje cocina",
    "url": "https://tienda.consum.es/es/p/rallador-235x6-cm-acero-inoxidable-expert/7373009",
    "price": 2.59,
    "reference_price": 2.59,
    "iva": 21,
    "reference_unit": "1 U",
    "date": "2023-01-17"
  },
  {
    "id": 26337,
    "name": "Rebanador de Huevos Expert SAN IGNACIO",
    "description": "Rebanador de Huevos Expert 1 U",
    "category": "Menaje cocina",
    "url": "https://tienda.consum.es/es/p/rebanador-de-huevos-expert/7373017",
    "price": 4.49,
    "reference_price": 4.49,
    "iva": 21,
    "reference_unit": "1 U",
    "date": "2023-01-17"
  },
  {
    "id": 26340,
    "name": "Pulpo en Aceite de Oliva Gran Selección CABO PEÑAS",
    "description": "Pulpo en Aceite de Oliva Gran Selección 65 Gr",
    "category": "Otras conservas pescado",
    "url": "https://tienda.consum.es/es/p/pulpo-en-aceite-de-oliva-gran-seleccion/7373236",
    "price": 6.49,
    "reference_price": 99.85,
    "iva": 10,
    "reference_unit": "1 Kg",
    "date": "2023-01-17"
  },
  {
    "id": 26341,
    "name": "Biberón Multiflow TIGEX",
    "description": "Biberón Multiflow 300 ml",
    "category": "Puericultura",
    "url": "https://tienda.consum.es/es/p/biberon-multiflow/7373306",
    "price": 6.79,
    "reference_price": 6.79,
    "iva": 21,
    "reference_unit": "1 U",
    "date": "2023-01-17"
  },
  {
    "id": 26343,
    "name": "Tarros Conservación Alimentos TIGEX",
    "description": "Tarros Conservación Alimentos 4 U",
    "category": "Puericultura",
    "url": "https://tienda.consum.es/es/p/tarros-conservacion-alimentos/7373327",
    "price": 5.99,
    "reference_price": 1.5,
    "iva": 21,
    "reference_unit": "1 U",
    "date": "2023-01-17"
  },
  {
    "id": 26344,
    "name": "Chupete 100% Silicona Azul / Rosa TIGEX",
    "description": "Chupete 100% Silicona Azul / Rosa 1 U",
    "category": "Puericultura",
    "url": "https://tienda.consum.es/es/p/chupete-100-silicona-azul-/-rosa/7373330",
    "price": 3.79,
    "reference_price": 3.79,
    "iva": 21,
    "reference_unit": "1 U",
    "date": "2023-01-17"
  },
  {
    "id": 26345,
    "name": "Vaso Smart Cup TIGEX",
    "description": "Vaso Smart Cup 250 ml",
    "category": "Puericultura",
    "url": "https://tienda.consum.es/es/p/vaso-smart-cup/7373343",
    "price": 7.89,
    "reference_price": 3.16,
    "iva": 21,
    "reference_unit": "100 ml",
    "date": "2023-01-17"
  },
  {
    "id": 26360,
    "name": "Detergente Líquido Active SKIP",
    "description": "Detergente Líquido Active 30 Lv",
    "category": "A máquina líquido",
    "url": "https://tienda.consum.es/es/p/detergente-liquido-active/7373678",
    "price": 9.05,
    "reference_price": 0.3,
    "iva": 21,
    "reference_unit": "1 Lv",
    "date": "2023-01-17"
  },
  {
    "id": 26361,
    "name": "Desatascador Fuelle VIGAR",
    "description": "Desatascador Fuelle 1 U",
    "category": "Otros utensilios de limpieza",
    "url": "https://tienda.consum.es/es/p/desatascador-fuelle/7373744",
    "price": 1.69,
    "reference_price": 1.69,
    "iva": 21,
    "reference_unit": "1 U",
    "date": "2023-01-17"
  },
  {
    "id": 26364,
    "name": "Bol Cuchara Aperitivo Transparente 6 Unidades ",
    "description": "Bol Cuchara Aperitivo Transparente 6 Unidades 1 U",
    "category": "Decoración y fiestas",
    "url": "https://tienda.consum.es/es/p/bol-cuchara-aperitivo-transparente-6-unidades/7373947",
    "price": 2.19,
    "reference_price": 2.19,
    "iva": 21,
    "reference_unit": "1 U",
    "date": "2023-01-17"
  },
  {
    "id": 26368,
    "name": "Arroz con Pollo al Curry DELINATUR",
    "description": "Arroz con Pollo al Curry 280 Gr",
    "category": "Asiático",
    "url": "https://tienda.consum.es/es/p/arroz-con-pollo-al-curry/7373983",
    "price": 2.85,
    "reference_price": 10.18,
    "iva": 10,
    "reference_unit": "1 Kg",
    "date": "2023-01-17"
  },
  {
    "id": 26369,
    "name": "Arroz 3 Delicias y Pollo con Almendras DELINATUR",
    "description": "Arroz 3 Delicias y Pollo con Almendras 280 Gr",
    "category": "Asiático",
    "url": "https://tienda.consum.es/es/p/arroz-3-delicias-y-pollo-con-almendras/7373988",
    "price": 2.85,
    "reference_price": 10.18,
    "iva": 10,
    "reference_unit": "1 Kg",
    "date": "2023-01-17"
  },
  {
    "id": 26371,
    "name": "Perfilador Brow Tattoo Nº6 MAYBELLINE",
    "description": "Perfilador Brow Tattoo Nº6 1 U",
    "category": "Ojos",
    "url": "https://tienda.consum.es/es/p/perfilador-brow-tattoo-n6/7374069",
    "price": 6.99,
    "reference_price": 6.99,
    "iva": 21,
    "reference_unit": "1 U",
    "date": "2023-01-17"
  },
  {
    "id": 26372,
    "name": "Perfilador Brow Tattoo Nº5 MAYBELLINE",
    "description": "Perfilador Brow Tattoo Nº5 1 U",
    "category": "Ojos",
    "url": "https://tienda.consum.es/es/p/perfilador-brow-tattoo-n5/7374072",
    "price": 6.99,
    "reference_price": 6.99,
    "iva": 21,
    "reference_unit": "1 U",
    "date": "2023-01-17"
  },
  {
    "id": 26373,
    "name": "Perfilador Brow Tattoo Nº3 MAYBELLINE",
    "description": "Perfilador Brow Tattoo Nº3 1 U",
    "category": "Ojos",
    "url": "https://tienda.consum.es/es/p/perfilador-brow-tattoo-n3/7374077",
    "price": 6.99,
    "reference_price": 6.99,
    "iva": 21,
    "reference_unit": "1 U",
    "date": "2023-01-17"
  },
  {
    "id": 26374,
    "name": "Perfilador Brow Tattoo Nº2 MAYBELLINE",
    "description": "Perfilador Brow Tattoo Nº2 1 U",
    "category": "Ojos",
    "url": "https://tienda.consum.es/es/p/perfilador-brow-tattoo-n2/7374080",
    "price": 6.99,
    "reference_price": 6.99,
    "iva": 21,
    "reference_unit": "1 U",
    "date": "2023-01-17"
  },
  {
    "id": 26375,
    "name": "Maquillaje Superstay Fundation 30H Nº40 MAYBELLINE",
    "description": "Maquillaje Superstay Fundation 30H Nº40 1 U",
    "category": "Rostro",
    "url": "https://tienda.consum.es/es/p/maquillaje-superstay-fundation-30h-n40/7374085",
    "price": 12.9,
    "reference_price": 12.9,
    "iva": 21,
    "reference_unit": "1 U",
    "date": "2023-01-17"
  },
  {
    "id": 26376,
    "name": "Maquillaje Superstay Fundation 30H Nº34 MAYBELLINE",
    "description": "Maquillaje Superstay Fundation 30H Nº34 1 U",
    "category": "Rostro",
    "url": "https://tienda.consum.es/es/p/maquillaje-superstay-fundation-30h-n34/7374106",
    "price": 12.9,
    "reference_price": 12.9,
    "iva": 21,
    "reference_unit": "1 U",
    "date": "2023-01-17"
  },
  {
    "id": 26377,
    "name": "Maquillaje Superstay Fundation 30H Nº30 MAYBELLINE",
    "description": "Maquillaje Superstay Fundation 30H Nº30 1 U",
    "category": "Rostro",
    "url": "https://tienda.consum.es/es/p/maquillaje-superstay-fundation-30h-n30/7374114",
    "price": 12.9,
    "reference_price": 12.9,
    "iva": 21,
    "reference_unit": "1 U",
    "date": "2023-01-17"
  },
  {
    "id": 26378,
    "name": "Maquillaje Superstay Fundation 30H Nº22 MAYBELLINE",
    "description": "Maquillaje Superstay Fundation 30H Nº22 1 U",
    "category": "Rostro",
    "url": "https://tienda.consum.es/es/p/maquillaje-superstay-fundation-30h-n22/7374119",
    "price": 12.9,
    "reference_price": 12.9,
    "iva": 21,
    "reference_unit": "1 U",
    "date": "2023-01-17"
  },
  {
    "id": 26379,
    "name": "Maquillaje Superstay Fundation 30H Nº21 MAYBELLINE",
    "description": "Maquillaje Superstay Fundation 30H Nº21 1 U",
    "category": "Rostro",
    "url": "https://tienda.consum.es/es/p/maquillaje-superstay-fundation-30h-n21/7374122",
    "price": 12.9,
    "reference_price": 12.9,
    "iva": 21,
    "reference_unit": "1 U",
    "date": "2023-01-17"
  },
  {
    "id": 26382,
    "name": "Maquillaje Superstay Fundation 30H Nº48 MAYBELLINE",
    "description": "Maquillaje Superstay Fundation 30H Nº48 1 U",
    "category": "Rostro",
    "url": "https://tienda.consum.es/es/p/maquillaje-superstay-fundation-30h-n48/7374135",
    "price": 12.9,
    "reference_price": 12.9,
    "iva": 21,
    "reference_unit": "1 U",
    "date": "2023-01-17"
  },
  {
    "id": 26383,
    "name": "Filete Anchoa Cantábrico en Aceite Oliva MSC LA LAREDANA",
    "description": "Filete Anchoa Cantábrico en Aceite Oliva MSC 30 Gr",
    "category": "Anchoas",
    "url": "https://tienda.consum.es/es/p/filete-anchoa-cantabrico-en-aceite-oliva-msc/7374304",
    "price": 1.99,
    "reference_price": 6.63,
    "iva": 10,
    "reference_unit": "100 Gr",
    "date": "2023-01-17"
  },
  {
    "id": 26384,
    "name": "Kombucha Jengibre y Limón Bebida Orgánica KOMVIDA",
    "description": "Kombucha Jengibre y Limón Bebida Orgánica 250 ml",
    "category": "Refrescos sin gas",
    "url": "https://tienda.consum.es/es/p/kombucha-jengibre-y-limon-bebida-organica/7374309",
    "price": 2.39,
    "reference_price": 9.56,
    "iva": 21,
    "reference_unit": "1 L",
    "date": "2023-01-17"
  },
  {
    "id": 26385,
    "name": "Milhojas de Merengue 2 Unidades ",
    "description": "Milhojas de Merengue 2 Unidades 160 Gr",
    "category": "Repostería ",
    "url": "https://tienda.consum.es/es/p/milhojas-de-merengue-2-unidades/7374320",
    "price": 2.29,
    "reference_price": 14.31,
    "iva": 10,
    "reference_unit": "1 Kg",
    "date": "2023-01-17"
  },
  {
    "id": 26388,
    "name": "Cápsulas Naturflora NATURTIERRA",
    "description": "Cápsulas Naturflora 16 U",
    "category": "Fitoterapia",
    "url": "https://tienda.consum.es/es/p/capsulas-naturflora/7374346",
    "price": 5.99,
    "reference_price": 0.4,
    "iva": 10,
    "reference_unit": "1 U",
    "date": "2023-01-17"
  },
  {
    "id": 26389,
    "name": "Cápsulas Detox NATURTIERRA",
    "description": "Cápsulas Detox 30 U",
    "category": "Fitoterapia",
    "url": "https://tienda.consum.es/es/p/capsulas-detox/7374358",
    "price": 4.95,
    "reference_price": 0.17,
    "iva": 10,
    "reference_unit": "1 U",
    "date": "2023-01-17"
  },
  {
    "id": 26390,
    "name": "Batido con Toppings de Galleta Vaso OREO",
    "description": "Batido con Toppings de Galleta Vaso 200 ml",
    "category": "Batidos y cafés",
    "url": "https://tienda.consum.es/es/p/batido-con-toppings-de-galleta-vaso/7374361",
    "price": 1.75,
    "reference_price": 8.75,
    "iva": 10,
    "reference_unit": "1 L",
    "date": "2023-01-17"
  },
  {
    "id": 26393,
    "name": "Lentejas con su Sofrito Ecológicas LITORAL",
    "description": "Lentejas con su Sofrito Ecológicas 420 Gr",
    "category": "Conservas",
    "url": "https://tienda.consum.es/es/p/lentejas-con-su-sofrito-ecologicas/7374379",
    "price": 2.65,
    "reference_price": 6.31,
    "iva": 10,
    "reference_unit": "1 Kg",
    "date": "2023-01-17"
  },
  {
    "id": 26394,
    "name": "Té Rojo 25 Bolsitas POMPADOUR",
    "description": "Té Rojo 25 Bolsitas 25 U",
    "category": "Té",
    "url": "https://tienda.consum.es/es/p/te-rojo-25-bolsitas/7374387",
    "price": 2.5,
    "reference_price": 0.1,
    "iva": 10,
    "reference_unit": "1 U",
    "date": "2023-01-17"
  },
  {
    "id": 26395,
    "name": "Jengibre con Cúrcuma 20 Bolsitas POMPADOUR",
    "description": "Jengibre con Cúrcuma 20 Bolsitas 20 U",
    "category": "Otras infusiones",
    "url": "https://tienda.consum.es/es/p/jengibre-con-curcuma-20-bolsitas/7374390",
    "price": 2.5,
    "reference_price": 0.13,
    "iva": 10,
    "reference_unit": "1 U",
    "date": "2023-01-17"
  },
  {
    "id": 26397,
    "name": "Gyoza de Pollo al Vapor TA-TUNG",
    "description": "Gyoza de Pollo al Vapor 170 Gr",
    "category": "Asiático",
    "url": "https://tienda.consum.es/es/p/gyoza-de-pollo-al-vapor/7374445",
    "price": 3.79,
    "reference_price": 22.29,
    "iva": 10,
    "reference_unit": "1 Kg",
    "date": "2023-01-17"
  },
  {
    "id": 26399,
    "name": "Galletas Choco Wafer Chocolate Blanco MILKA",
    "description": "Galletas Choco Wafer Chocolate Blanco 180 Gr",
    "category": "Wafer y barquillos",
    "url": "https://tienda.consum.es/es/p/galletas-choco-wafer-chocolate-blanco/7374465",
    "price": 2.8,
    "reference_price": 15.56,
    "iva": 10,
    "reference_unit": "1 Kg",
    "date": "2023-01-17"
  },
  {
    "id": 26400,
    "name": "Chocolate Negro 85% Dark NESTLE",
    "description": "Chocolate Negro 85% Dark 120 Gr",
    "category": "Tabletas",
    "url": "https://tienda.consum.es/es/p/chocolate-negro-85-dark/7374549",
    "price": 1.85,
    "reference_price": 15.42,
    "iva": 10,
    "reference_unit": "1 Kg",
    "date": "2023-01-17"
  },
  {
    "id": 26404,
    "name": "Whisky Light BALLANTINES",
    "description": "Whisky Light 0,7 L",
    "category": "Licores y vermouth",
    "url": "https://tienda.consum.es/es/p/whisky-light/7374635",
    "price": 13.1,
    "reference_price": 18.71,
    "iva": 21,
    "reference_unit": "1 L",
    "date": "2023-01-17"
  },
  {
    "id": 26405,
    "name": "Ginebra Light BEEFEATER",
    "description": "Ginebra Light 0,7 L",
    "category": "Licores y vermouth",
    "url": "https://tienda.consum.es/es/p/ginebra-light/7374648",
    "price": 14.59,
    "reference_price": 20.84,
    "iva": 21,
    "reference_unit": "1 L",
    "date": "2023-01-17"
  },
  {
    "id": 26409,
    "name": "Arándano Vaso ",
    "description": "Arándano Vaso 225 Gr",
    "category": "Otras frutas",
    "url": "https://tienda.consum.es/es/p/arandano-vaso/7374866",
    "price": 2.78,
    "reference_price": 12.36,
    "iva": 0,
    "reference_unit": "1 Kg",
    "date": "2023-01-17"
  },
  {
    "id": 26421,
    "name": "Detergente Líquido Color CONSUM",
    "description": "Detergente Líquido Color 52 Lv",
    "category": "A máquina líquido",
    "url": "https://tienda.consum.es/es/p/detergente-liquido-color/7351158",
    "price": 4.75,
    "reference_price": 0.09,
    "iva": 21,
    "reference_unit": "1 Lv",
    "date": "2023-01-17"
  },
  {
    "id": 26432,
    "name": "Mini Palmeras de Hojaldre ",
    "description": "Mini Palmeras de Hojaldre 140 Gr",
    "category": "Pastas de té",
    "url": "https://tienda.consum.es/es/p/mini-palmeras-de-hojaldre/7373702",
    "price": 2.29,
    "reference_price": 16.36,
    "iva": 10,
    "reference_unit": "1 Kg",
    "date": "2023-01-17"
  },
  {
    "id": 26433,
    "name": "Chili con Carne Lata ZANUY",
    "description": "Chili con Carne Lata 415 Gr",
    "category": "Cocina internacional",
    "url": "https://tienda.consum.es/es/p/chili-con-carne-lata/7373710",
    "price": 2.75,
    "reference_price": 6.63,
    "iva": 10,
    "reference_unit": "1 Kg",
    "date": "2023-01-17"
  },
  {
    "id": 26443,
    "name": "Capricho Romana congelado PESCANOVA",
    "description": "Capricho Romana congelado 600 Gr",
    "category": "Pescados y mariscos",
    "url": "https://tienda.consum.es/es/p/capricho-romana-congelado/7373897",
    "price": 4.15,
    "reference_price": 6.92,
    "iva": 10,
    "reference_unit": "1 Kg",
    "date": "2023-01-17"
  },
  {
    "id": 26448,
    "name": "Polvos Texturizantes GOT2B",
    "description": "Polvos Texturizantes 1 U",
    "category": "Fijación capilar",
    "url": "https://tienda.consum.es/es/p/polvos-texturizantes/7374163",
    "price": 5.99,
    "reference_price": 5.99,
    "iva": 21,
    "reference_unit": "1 U",
    "date": "2023-01-17"
  },
  {
    "id": 26449,
    "name": "Reactivador Rizos SYOSS",
    "description": "Reactivador Rizos 150 ml",
    "category": "Gel y cera",
    "url": "https://tienda.consum.es/es/p/reactivador-rizos/7374168",
    "price": 5.99,
    "reference_price": 3.99,
    "iva": 21,
    "reference_unit": "100 ml",
    "date": "2023-01-17"
  },
  {
    "id": 26453,
    "name": "Colonia Tacón Rojo LADY SECRET",
    "description": "Colonia Tacón Rojo 100 ml",
    "category": "Femeninas",
    "url": "https://tienda.consum.es/es/p/colonia-tacon-rojo/7374226",
    "price": 9.5,
    "reference_price": 9.5,
    "iva": 21,
    "reference_unit": "100 ml",
    "date": "2023-01-17"
  },
  {
    "id": 26454,
    "name": "Colonia Bicicleta AQUARIUS",
    "description": "Colonia Bicicleta 100 ml",
    "category": "Femeninas",
    "url": "https://tienda.consum.es/es/p/colonia-bicicleta/7374262",
    "price": 9.59,
    "reference_price": 9.59,
    "iva": 21,
    "reference_unit": "100 ml",
    "date": "2023-01-17"
  },
  {
    "id": 26455,
    "name": "Colonia Ice Dive ADIDAS",
    "description": "Colonia Ice Dive 100 ml",
    "category": "Masculinas",
    "url": "https://tienda.consum.es/es/p/colonia-ice-dive/7374275",
    "price": 10.95,
    "reference_price": 10.95,
    "iva": 21,
    "reference_unit": "100 ml",
    "date": "2023-01-17"
  },
  {
    "id": 26459,
    "name": "Atún Claro Aceite Oliva Virgen Extra CALVO",
    "description": "Atún Claro Aceite Oliva Virgen Extra 3 x 52 Gr",
    "category": "Conservas, aceites y condimentos",
    "url": "https://tienda.consum.es/es/p/atun-claro-aceite-oliva-virgen-extra/7374515",
    "price": 3.95,
    "reference_price": 25.32,
    "iva": 10,
    "reference_unit": "1 Kg",
    "date": "2023-01-17"
  },
  {
    "id": 26460,
    "name": "Chocolate Leche y Galleta Jungly JUNGLY",
    "description": "Chocolate Leche y Galleta Jungly 125 Gr",
    "category": "Tabletas",
    "url": "https://tienda.consum.es/es/p/chocolate-leche-y-galleta-jungly/7374531",
    "price": 1.49,
    "reference_price": 11.92,
    "iva": 10,
    "reference_unit": "1 Kg",
    "date": "2023-01-17"
  },
  {
    "id": 26461,
    "name": "Migas de Bacalao Desalado ANGOMAR",
    "description": "Migas de Bacalao Desalado 250 Gr",
    "category": "Surimis y salazones",
    "url": "https://tienda.consum.es/es/p/migas-de-bacalao-desalado/7374551",
    "price": 4.59,
    "reference_price": 18.36,
    "iva": 10,
    "reference_unit": "1 Kg",
    "date": "2023-01-17"
  },
  {
    "id": 26467,
    "name": "Queso Semi Cabra CARMEN",
    "description": "Queso Semi Cabra 300 Gr",
    "category": "Quesos de Cabra",
    "url": "https://tienda.consum.es/es/p/queso-semi-cabra/7374619",
    "price": 4.7,
    "reference_price": 15.67,
    "iva": 0,
    "reference_unit": "1 Kg",
    "date": "2023-01-17"
  },
  {
    "id": 26468,
    "name": "Néctar Melocotón sin Azúcar Anadido Brik JUVER",
    "description": "Néctar Melocotón sin Azúcar Anadido Brik 2 L",
    "category": "Zumos y néctares sin azúcar",
    "url": "https://tienda.consum.es/es/p/nectar-melocoton-sin-azucar-anadido-brik/7374663",
    "price": 3.49,
    "reference_price": 1.75,
    "iva": 21,
    "reference_unit": "1 L",
    "date": "2023-01-17"
  },
  {
    "id": 26469,
    "name": "Cerveza Reserva Botella Cristal Pack-6 1906",
    "description": "Cerveza Reserva Botella Cristal Pack-6 6 x 0,33 L",
    "category": "Nacional botella",
    "url": "https://tienda.consum.es/es/p/cerveza-reserva-botella-cristal-pack-6/7374668",
    "price": 6.78,
    "reference_price": 3.42,
    "iva": 21,
    "reference_unit": "1 L",
    "date": "2023-01-17"
  },
  {
    "id": 26470,
    "name": "Salsa de Ostras Botella YANG-TSE",
    "description": "Salsa de Ostras Botella 150 ml",
    "category": "Otras salsas",
    "url": "https://tienda.consum.es/es/p/salsa-de-ostras-botella/7374754",
    "price": 2.45,
    "reference_price": 16.33,
    "iva": 10,
    "reference_unit": "1 L",
    "date": "2023-01-17"
  },
  {
    "id": 26472,
    "name": "Detergente Líquido Complet.Toda La Ropa NORIT",
    "description": "Detergente Líquido Complet.Toda La Ropa 40 Lv",
    "category": "A máquina líquido",
    "url": "https://tienda.consum.es/es/p/detergente-liquido-complettoda-la-ropa/7374804",
    "price": 8.45,
    "reference_price": 0.21,
    "iva": 21,
    "reference_unit": "1 Lv",
    "date": "2023-01-17"
  },
  {
    "id": 26473,
    "name": "Cereales Oreo O's OREO",
    "description": "Cereales Oreo O's 350 Gr",
    "category": "Cereales",
    "url": "https://tienda.consum.es/es/p/cereales-oreo-os/7374825",
    "price": 3.99,
    "reference_price": 11.4,
    "iva": 10,
    "reference_unit": "1 Kg",
    "date": "2023-01-17"
  },
  {
    "id": 26474,
    "name": "Snack Zanahorias y Maíz Solo Eco HERO",
    "description": "Snack Zanahorias y Maíz Solo Eco 40 Gr",
    "category": "Alimentación infantil",
    "url": "https://tienda.consum.es/es/p/snack-zanahorias-y-maiz-solo-eco/7374838",
    "price": 1.59,
    "reference_price": 3.98,
    "iva": 10,
    "reference_unit": "100 Gr",
    "date": "2023-01-17"
  },
  {
    "id": 26478,
    "name": "Gel Íntimo Sensitive VAGISIL",
    "description": "Gel Íntimo Sensitive 250 ml",
    "category": "Aseo íntimo",
    "url": "https://tienda.consum.es/es/p/gel-intimo-sensitive/7374916",
    "price": 6.99,
    "reference_price": 2.8,
    "iva": 21,
    "reference_unit": "100 ml",
    "date": "2023-01-17"
  },
  {
    "id": 26482,
    "name": "Mini Bombón Biscoff 6 Unidades LOTUS",
    "description": "Mini Bombón Biscoff 6 Unidades 338 Gr",
    "category": "Bombones",
    "url": "https://tienda.consum.es/es/p/mini-bombon-biscoff-6-unidades/7370328",
    "price": 5.29,
    "reference_price": 15.65,
    "iva": 10,
    "reference_unit": "1 Kg",
    "date": "2023-01-17"
  },
  {
    "id": 26484,
    "name": "Patata Mediterránea Lisa en Aceite de Oliva LAY'S",
    "description": "Patata Mediterránea Lisa en Aceite de Oliva 150 Gr",
    "category": "Patatas fritas",
    "url": "https://tienda.consum.es/es/p/patata-mediterranea-lisa-en-aceite-de-oliva/7372196",
    "price": 2.49,
    "reference_price": 16.6,
    "iva": 10,
    "reference_unit": "1 Kg",
    "date": "2023-01-17"
  },
  {
    "id": 26486,
    "name": "Máscara Sky High MAYBELLINE",
    "description": "Máscara Sky High 1 U",
    "category": "Ojos",
    "url": "https://tienda.consum.es/es/p/mascara-sky-high/7374148",
    "price": 10.9,
    "reference_price": 10.9,
    "iva": 21,
    "reference_unit": "1 U",
    "date": "2023-01-17"
  },
  {
    "id": 26502,
    "name": "Atún Claro Aceite Oliva Pack de 3 CALVO",
    "description": "Atún Claro Aceite Oliva Pack de 3 3 x 52 Gr",
    "category": "Atún y bonito",
    "url": "https://tienda.consum.es/es/p/atun-claro-aceite-oliva-pack-de-3/7374507",
    "price": 3.95,
    "reference_price": 25.32,
    "iva": 10,
    "reference_unit": "1 Kg",
    "date": "2023-01-17"
  },
  {
    "id": 26503,
    "name": "Atún Claro Aceite Oliva Pack de 6 CALVO",
    "description": "Atún Claro Aceite Oliva Pack de 6 6 x 52 Gr",
    "category": "Atún y bonito",
    "url": "https://tienda.consum.es/es/p/atun-claro-aceite-oliva-pack-de-6/7374523",
    "price": 6.99,
    "reference_price": 22.4,
    "iva": 10,
    "reference_unit": "1 Kg",
    "date": "2023-01-17"
  },
  {
    "id": 26504,
    "name": "Atún Claro Aceite Oliva Bajo en Sal CALVO",
    "description": "Atún Claro Aceite Oliva Bajo en Sal 3 x 52 Gr",
    "category": "Atún y bonito",
    "url": "https://tienda.consum.es/es/p/atun-claro-aceite-oliva-bajo-en-sal/7374528",
    "price": 3.95,
    "reference_price": 25.32,
    "iva": 10,
    "reference_unit": "1 Kg",
    "date": "2023-01-17"
  },
  {
    "id": 26506,
    "name": "Cereales Choco Zero sin Gluten y sin Azúcares ESGIR",
    "description": "Cereales Choco Zero sin Gluten y sin Azúcares 300 Gr",
    "category": "Cereales",
    "url": "https://tienda.consum.es/es/p/cereales-choco-zero-sin-gluten-y-sin-azucares/7374718",
    "price": 2.15,
    "reference_price": 7.17,
    "iva": 10,
    "reference_unit": "1 Kg",
    "date": "2023-01-17"
  },
  {
    "id": 26508,
    "name": "Plumas Nº 3 Paquete GALLO",
    "description": "Plumas Nº 3 Paquete 450 Gr",
    "category": "Macarrones, espaguetis y tallarines",
    "url": "https://tienda.consum.es/es/p/plumas-n-3-paquete/7374739",
    "price": 1.33,
    "reference_price": 2.96,
    "iva": 5,
    "reference_unit": "1 Kg",
    "date": "2023-01-17"
  },
  {
    "id": 26509,
    "name": "Spaghetti Nº 3 Paquete GALLO",
    "description": "Spaghetti Nº 3 Paquete 450 Gr",
    "category": "Macarrones, espaguetis y tallarines",
    "url": "https://tienda.consum.es/es/p/spaghetti-n-3-paquete/7374812",
    "price": 1.33,
    "reference_price": 2.96,
    "iva": 5,
    "reference_unit": "1 Kg",
    "date": "2023-01-17"
  },
  {
    "id": 26510,
    "name": "Tallarín Paquete GALLO",
    "description": "Tallarín Paquete 450 Gr",
    "category": "Macarrones, espaguetis y tallarines",
    "url": "https://tienda.consum.es/es/p/tallarin-paquete/7374817",
    "price": 1.33,
    "reference_price": 2.96,
    "iva": 5,
    "reference_unit": "1 Kg",
    "date": "2023-01-17"
  },
  {
    "id": 26511,
    "name": "Pouch Fresa y Plátano BE PLUS",
    "description": "Pouch Fresa y Plátano 100 Gr",
    "category": "Alimentación infantil",
    "url": "https://tienda.consum.es/es/p/pouch-fresa-y-platano/7374833",
    "price": 0.89,
    "reference_price": 8.9,
    "iva": 10,
    "reference_unit": "1 Kg",
    "date": "2023-01-17"
  },
  {
    "id": 26516,
    "name": "Bocados Mediterráneos HEURA",
    "description": "Bocados Mediterráneos 160 Gr",
    "category": "Veganos",
    "url": "https://tienda.consum.es/es/p/bocados-mediterraneos/7375017",
    "price": 3.99,
    "reference_price": 24.94,
    "iva": 10,
    "reference_unit": "1 Kg",
    "date": "2023-01-17"
  },
  {
    "id": 26517,
    "name": "Café Extracream 20 Cápsulas JURADO",
    "description": "Café Extracream 20 Cápsulas 20 U",
    "category": "Café en cápsulas",
    "url": "https://tienda.consum.es/es/p/cafe-extracream-20-capsulas/7375020",
    "price": 3.39,
    "reference_price": 0.17,
    "iva": 10,
    "reference_unit": "1 U",
    "date": "2023-01-17"
  },
  {
    "id": 26518,
    "name": "Café Stimola 20 Cápsulas JURADO",
    "description": "Café Stimola 20 Cápsulas 20 U",
    "category": "Café en cápsulas",
    "url": "https://tienda.consum.es/es/p/cafe-stimola-20-capsulas/7375025",
    "price": 3.39,
    "reference_price": 0.17,
    "iva": 10,
    "reference_unit": "1 U",
    "date": "2023-01-17"
  },
  {
    "id": 26519,
    "name": "Café Descaffi 20 Cápsulas JURADO",
    "description": "Café Descaffi 20 Cápsulas 20 U",
    "category": "Café en cápsulas",
    "url": "https://tienda.consum.es/es/p/cafe-descaffi-20-capsulas/7375033",
    "price": 3.39,
    "reference_price": 0.17,
    "iva": 10,
    "reference_unit": "1 U",
    "date": "2023-01-17"
  },
  {
    "id": 26521,
    "name": "Vino Tinto Crianza D.O. Mancha VIÑAS SEÑORI",
    "description": "Vino Tinto Crianza D.O. Mancha 0,75 L",
    "category": "Vinos d.o",
    "url": "https://tienda.consum.es/es/p/vino-tinto-crianza-do-mancha/7375629",
    "price": 1.6,
    "reference_price": 2.13,
    "iva": 21,
    "reference_unit": "1 L",
    "date": "2023-01-17"
  },
  {
    "id": 26526,
    "name": "Yogucol 0% Sabor Fresa CONSUM",
    "description": "Yogucol 0% Sabor Fresa 8 x 100 Gr",
    "category": "Yogures especial salud",
    "url": "https://tienda.consum.es/es/p/yogucol-0-sabor-fresa/7362973",
    "price": 3.15,
    "reference_price": 3.94,
    "iva": 10,
    "reference_unit": "1 Kg",
    "date": "2023-01-17"
  },
  {
    "id": 26528,
    "name": "Bombón Chocolate Blanco & Arándanos Rojo NUII",
    "description": "Bombón Chocolate Blanco & Arándanos Rojo 270 Gr",
    "category": "Bombones",
    "url": "https://tienda.consum.es/es/p/bombon-chocolate-blanco-arandanos-rojo/7370430",
    "price": 3.95,
    "reference_price": 19.65,
    "iva": 10,
    "reference_unit": "1 Kg",
    "date": "2023-01-17"
  },
  {
    "id": 26532,
    "name": "Mini Bombón Golden Caramel Billonaire x6 FRIGO",
    "description": "Mini Bombón Golden Caramel Billonaire x6 282 Gr",
    "category": "Bombones",
    "url": "https://tienda.consum.es/es/p/mini-bombon-golden-caramel-billonaire-x6/7371255",
    "price": 5.49,
    "reference_price": 19.47,
    "iva": 10,
    "reference_unit": "1 Kg",
    "date": "2023-01-17"
  },
  {
    "id": 26549,
    "name": "Salsa Tomate y Parmesano GALLO",
    "description": "Salsa Tomate y Parmesano 350 Gr",
    "category": "Otras salsas",
    "url": "https://tienda.consum.es/es/p/salsa-tomate-y-parmesano/7374721",
    "price": 2.39,
    "reference_price": 6.83,
    "iva": 10,
    "reference_unit": "1 Kg",
    "date": "2023-01-17"
  },
  {
    "id": 26550,
    "name": "Detergente Liquido Higyenic Max ASEVI",
    "description": "Detergente Liquido Higyenic Max 47 Lv",
    "category": "Cuidado ropa",
    "url": "https://tienda.consum.es/es/p/detergente-liquido-higyenic-max/7374908",
    "price": 6.79,
    "reference_price": 0.14,
    "iva": 21,
    "reference_unit": "1 Lv",
    "date": "2023-01-17"
  },
  {
    "id": 26551,
    "name": "Mejillones en Escabeche 13/18 Piezas CALVO",
    "description": "Mejillones en Escabeche 13/18 Piezas 69 Gr",
    "category": "Mejillones",
    "url": "https://tienda.consum.es/es/p/mejillones-en-escabeche-13/18-piezas/7374940",
    "price": 2.15,
    "reference_price": 31.16,
    "iva": 10,
    "reference_unit": "1 Kg",
    "date": "2023-01-17"
  },
  {
    "id": 26557,
    "name": "Vino Tinto Reserva D.O. Somontano ALIUS",
    "description": "Vino Tinto Reserva D.O. Somontano 0,75 L",
    "category": "Vinos d.o",
    "url": "https://tienda.consum.es/es/p/vino-tinto-reserva-do-somontano/7375421",
    "price": 4.55,
    "reference_price": 6.07,
    "iva": 21,
    "reference_unit": "1 L",
    "date": "2023-01-17"
  },
  {
    "id": 26559,
    "name": "Compresas con Alas Algodón Ecológico SILVERCARE",
    "description": "Compresas con Alas Algodón Ecológico 10 U",
    "category": "Compresas y protegeslips",
    "url": "https://tienda.consum.es/es/p/compresas-con-alas-algodon-ecologico/7375509",
    "price": 2.83,
    "reference_price": 0.28,
    "iva": 4,
    "reference_unit": "1 U",
    "date": "2023-01-17"
  },
  {
    "id": 26560,
    "name": "Protegeslips Ultrafinos Algodón Ecológico SILVERCARE",
    "description": "Protegeslips Ultrafinos Algodón Ecológico 24 U",
    "category": "Compresas y protegeslips",
    "url": "https://tienda.consum.es/es/p/protegeslips-ultrafinos-algodon-ecologico/7375512",
    "price": 2.83,
    "reference_price": 0.12,
    "iva": 4,
    "reference_unit": "1 U",
    "date": "2023-01-17"
  },
  {
    "id": 26561,
    "name": "Copa Menstrual Talla M SILVERCARE",
    "description": "Copa Menstrual Talla M 1 U",
    "category": "Tampones",
    "url": "https://tienda.consum.es/es/p/copa-menstrual-talla-m/7375520",
    "price": 9.45,
    "reference_price": 9.45,
    "iva": 4,
    "reference_unit": "1 U",
    "date": "2023-01-17"
  },
  {
    "id": 26562,
    "name": "Copa Menstrual Talla L SILVERCARE",
    "description": "Copa Menstrual Talla L 1 U",
    "category": "Tampones",
    "url": "https://tienda.consum.es/es/p/copa-menstrual-talla-l/7375525",
    "price": 9.45,
    "reference_price": 9.45,
    "iva": 4,
    "reference_unit": "1 U",
    "date": "2023-01-17"
  },
  {
    "id": 26564,
    "name": "Cacao Polvo 100% NESQUIK",
    "description": "Cacao Polvo 100% 290 Gr",
    "category": "Cacao soluble",
    "url": "https://tienda.consum.es/es/p/cacao-polvo-100/7375624",
    "price": 3.99,
    "reference_price": 13.76,
    "iva": 10,
    "reference_unit": "1 Kg",
    "date": "2023-01-17"
  },
  {
    "id": 26567,
    "name": "Café Ristretto Áfricas 10 Cápsulas NESCAFE",
    "description": "Café Ristretto Áfricas 10 Cápsulas 10 U",
    "category": "Café en cápsulas",
    "url": "https://tienda.consum.es/es/p/cafe-ristretto-africas-10-capsulas/7375913",
    "price": 3.69,
    "reference_price": 0.37,
    "iva": 10,
    "reference_unit": "1 U",
    "date": "2023-01-17"
  },
  {
    "id": 26568,
    "name": "Café Espresso India 10 Cápsulas NESCAFE",
    "description": "Café Espresso India 10 Cápsulas 10 U",
    "category": "Café en cápsulas",
    "url": "https://tienda.consum.es/es/p/cafe-espresso-india-10-capsulas/7375918",
    "price": 3.69,
    "reference_price": 0.37,
    "iva": 10,
    "reference_unit": "1 U",
    "date": "2023-01-17"
  },
  {
    "id": 26570,
    "name": "Mitades de Melocotón sin Azúcar Añadido SOL ARCHENA",
    "description": "Mitades de Melocotón sin Azúcar Añadido 3 x 250 Gr",
    "category": "Frutas en almíbar y en su jugo",
    "url": "https://tienda.consum.es/es/p/mitades-de-melocoton-sin-azucar-anadido/7376015",
    "price": 2.39,
    "reference_price": 3.98,
    "iva": 10,
    "reference_unit": "1 Kg",
    "date": "2023-01-17"
  },
  {
    "id": 26571,
    "name": "Pouch Cool Fruits Manzana, Fresa, Banana NESTLE",
    "description": "Pouch Cool Fruits Manzana, Fresa, Banana 110 Gr",
    "category": "Alimentación infantil",
    "url": "https://tienda.consum.es/es/p/pouch-cool-fruits-manzana-fresa-banana/7376036",
    "price": 0.99,
    "reference_price": 9,
    "iva": 10,
    "reference_unit": "1 Kg",
    "date": "2023-01-17"
  },
  {
    "id": 26572,
    "name": "Pouch Happy Fruits Frutas Variadas NESTLE",
    "description": "Pouch Happy Fruits Frutas Variadas 110 Gr",
    "category": "Alimentación infantil",
    "url": "https://tienda.consum.es/es/p/pouch-happy-fruits-frutas-variadas/7376069",
    "price": 0.99,
    "reference_price": 9,
    "iva": 10,
    "reference_unit": "1 Kg",
    "date": "2023-01-17"
  },
  {
    "id": 26573,
    "name": "Café Descafeinado Colombia 10 Cápsulas NESCAFE",
    "description": "Café Descafeinado Colombia 10 Cápsulas 10 U",
    "category": "Café en cápsulas",
    "url": "https://tienda.consum.es/es/p/cafe-descafeinado-colombia-10-capsulas/7376072",
    "price": 3.69,
    "reference_price": 0.37,
    "iva": 10,
    "reference_unit": "1 U",
    "date": "2023-01-17"
  },
  {
    "id": 26574,
    "name": "Café Lungo Brazil 10 Cápsulas NESCAFE",
    "description": "Café Lungo Brazil 10 Cápsulas 10 U",
    "category": "Café en cápsulas",
    "url": "https://tienda.consum.es/es/p/cafe-lungo-brazil-10-capsulas/7376077",
    "price": 3.69,
    "reference_price": 0.37,
    "iva": 10,
    "reference_unit": "1 U",
    "date": "2023-01-17"
  },
  {
    "id": 26575,
    "name": "Caffe Latte 12 Cápsulas DG STARBUCKS",
    "description": "Caffe Latte 12 Cápsulas DG 12 U",
    "category": "Café en cápsulas",
    "url": "https://tienda.consum.es/es/p/caffe-latte-12-capsulas-dg/7376080",
    "price": 4.89,
    "reference_price": 0.41,
    "iva": 10,
    "reference_unit": "1 U",
    "date": "2023-01-17"
  },
  {
    "id": 26578,
    "name": "Detergente Gel Activo COLON",
    "description": "Detergente Gel Activo 45 Lv",
    "category": "A máquina líquido",
    "url": "https://tienda.consum.es/es/p/detergente-gel-activo/7376221",
    "price": 11.49,
    "reference_price": 0.26,
    "iva": 21,
    "reference_unit": "1 Lv",
    "date": "2023-01-17"
  },
  {
    "id": 26579,
    "name": "Salsa Korma Frasco PATAK'S",
    "description": "Salsa Korma Frasco 450 Gr",
    "category": "Otras salsas",
    "url": "https://tienda.consum.es/es/p/salsa-korma-frasco/7376333",
    "price": 2.99,
    "reference_price": 6.64,
    "iva": 10,
    "reference_unit": "1 Kg",
    "date": "2023-01-17"
  },
  {
    "id": 26580,
    "name": "Salsa Tikka Masala Frasco PATAK´S",
    "description": "Salsa Tikka Masala Frasco 450 Gr",
    "category": "Otras salsas",
    "url": "https://tienda.consum.es/es/p/salsa-tikka-masala-frasco/7376341",
    "price": 2.99,
    "reference_price": 6.64,
    "iva": 10,
    "reference_unit": "1 Kg",
    "date": "2023-01-17"
  },
  {
    "id": 5723,
    "name": "Ganchito Maíz Sabor Queso Bolsa CONSUM",
    "description": "Ganchito Maíz Sabor Queso Bolsa 80 Gr",
    "category": "Snacks y otros aperitivos",
    "url": "https://tienda.consum.es/es/p/ganchito-maiz-sabor-queso-bolsa/7056559",
    "price": 0.7,
    "reference_price": 8.75,
    "iva": 10,
    "reference_unit": "1 Kg",
    "date": "2023-01-17"
  },
  {
    "id": 5724,
    "name": "Tiras de Maíz Sabor Barbacoa CONSUM",
    "description": "Tiras de Maíz Sabor Barbacoa 130 Gr",
    "category": "Snacks y otros aperitivos",
    "url": "https://tienda.consum.es/es/p/tiras-de-maiz-sabor-barbacoa/7056562",
    "price": 0.6,
    "reference_price": 4.62,
    "iva": 10,
    "reference_unit": "1 Kg",
    "date": "2023-01-17"
  },
  {
    "id": 5725,
    "name": "Maíz Crudo Palomitas Bolsa CONSUM",
    "description": "Maíz Crudo Palomitas Bolsa 250 Gr",
    "category": "Maíz tostado y cocktail",
    "url": "https://tienda.consum.es/es/p/maiz-crudo-palomitas-bolsa/7056570",
    "price": 0.82,
    "reference_price": 3.28,
    "iva": 0,
    "reference_unit": "1 Kg",
    "date": "2023-01-17"
  },
  {
    "id": 5726,
    "name": "Cacahuetes Fritos Piel Bolsa CONSUM",
    "description": "Cacahuetes Fritos Piel Bolsa 250 Gr",
    "category": "Cacahuetes",
    "url": "https://tienda.consum.es/es/p/cacahuetes-fritos-piel-bolsa/7056609",
    "price": 1.3,
    "reference_price": 5.2,
    "iva": 10,
    "reference_unit": "1 Kg",
    "date": "2023-01-17"
  },
  {
    "id": 5727,
    "name": "Crema de Verduras Mediterráneas KNORR",
    "description": "Crema de Verduras Mediterráneas 0,5 L",
    "category": "Cremas",
    "url": "https://tienda.consum.es/es/p/crema-de-verduras-mediterraneas/7056724",
    "price": 2.29,
    "reference_price": 4.58,
    "iva": 10,
    "reference_unit": "1 L",
    "date": "2023-01-17"
  },
  {
    "id": 5730,
    "name": "Patatas Prefritas Corte Fino congeladas CONSUM",
    "description": "Patatas Prefritas Corte Fino congeladas 1 Kg",
    "category": "Patatas",
    "url": "https://tienda.consum.es/es/p/patatas-prefritas-corte-fino-congeladas/7057706",
    "price": 1.63,
    "reference_price": 1.63,
    "iva": 0,
    "reference_unit": "1 Kg",
    "date": "2023-01-17"
  },
  {
    "id": 5731,
    "name": "Flan Huevo Baño María Pack de 4 Unidades CONSUM",
    "description": "Flan Huevo Baño María Pack de 4 Unidades 4 x 100 Gr",
    "category": "Flanes",
    "url": "https://tienda.consum.es/es/p/flan-huevo-bano-maria-pack-de-4-unidades/7057748",
    "price": 1.35,
    "reference_price": 3.38,
    "iva": 10,
    "reference_unit": "1 Kg",
    "date": "2023-01-17"
  },
  {
    "id": 5732,
    "name": "Queso Rallado Emmental Francés PRESIDENT",
    "description": "Queso Rallado Emmental Francés 90 Gr",
    "category": "Quesos Rallados",
    "url": "https://tienda.consum.es/es/p/queso-rallado-emmental-frances/7057912",
    "price": 2.07,
    "reference_price": 23,
    "iva": 0,
    "reference_unit": "1 Kg",
    "date": "2023-01-17"
  },
  {
    "id": 5733,
    "name": "Cava Brut Nature D.O.Cava DOM.THARSYS",
    "description": "Cava Brut Nature D.O.Cava 0,75 L",
    "category": "Cavas y sidras",
    "url": "https://tienda.consum.es/es/p/cava-brut-nature-docava/7059165",
    "price": 6.89,
    "reference_price": 9.19,
    "iva": 21,
    "reference_unit": "1 L",
    "date": "2023-01-17"
  },
  {
    "id": 5735,
    "name": "Piña en su Jugo Pack de 3 PELLI",
    "description": "Piña en su Jugo Pack de 3 3 x 136 Gr",
    "category": "Frutas en almíbar y en su jugo",
    "url": "https://tienda.consum.es/es/p/pina-en-su-jugo-pack-de-3/7059426",
    "price": 2.55,
    "reference_price": 6.07,
    "iva": 10,
    "reference_unit": "1 Kg",
    "date": "2023-01-17"
  },
  {
    "id": 5736,
    "name": "Garbanzos Espinacas Frasco LUENGO",
    "description": "Garbanzos Espinacas Frasco 370 Gr",
    "category": "Garbanzos",
    "url": "https://tienda.consum.es/es/p/garbanzos-espinacas-frasco/7059520",
    "price": 1.5,
    "reference_price": 4.05,
    "iva": 10,
    "reference_unit": "1 Kg",
    "date": "2023-01-17"
  },
  {
    "id": 5737,
    "name": "Batido al Cacao Pack de 6 PULEVA",
    "description": "Batido al Cacao Pack de 6 6 x 200 ml",
    "category": "Batidos y cafés",
    "url": "https://tienda.consum.es/es/p/batido-al-cacao-pack-de-6/7059769",
    "price": 2.69,
    "reference_price": 2.24,
    "iva": 10,
    "reference_unit": "1 L",
    "date": "2023-01-17"
  },
  {
    "id": 5738,
    "name": "Pizza congelada Ristorante Atún DR.OETKER",
    "description": "Pizza congelada Ristorante Atún 355 Gr",
    "category": "Pizza congelada",
    "url": "https://tienda.consum.es/es/p/pizza-congelada-ristorante-atun/7059954",
    "price": 4.25,
    "reference_price": 11.97,
    "iva": 10,
    "reference_unit": "1 Kg",
    "date": "2023-01-17"
  },
  {
    "id": 5739,
    "name": "Espirales con Vegetales Paquete CONSUM",
    "description": "Espirales con Vegetales Paquete 500 Gr",
    "category": "Otras pastas secas",
    "url": "https://tienda.consum.es/es/p/espirales-con-vegetales-paquete/7060507",
    "price": 0.95,
    "reference_price": 1.9,
    "iva": 5,
    "reference_unit": "1 Kg",
    "date": "2023-01-17"
  },
  {
    "id": 5742,
    "name": "Macarrones Paquete CONSUM",
    "description": "Macarrones Paquete 500 Gr",
    "category": "Macarrones, espaguetis y tallarines",
    "url": "https://tienda.consum.es/es/p/macarrones-paquete/7060531",
    "price": 0.76,
    "reference_price": 1.52,
    "iva": 5,
    "reference_unit": "1 Kg",
    "date": "2023-01-17"
  },
  {
    "id": 5743,
    "name": "Spaghetti Paquete CONSUM",
    "description": "Spaghetti Paquete 500 Gr",
    "category": "Macarrones, espaguetis y tallarines",
    "url": "https://tienda.consum.es/es/p/spaghetti-paquete/7060536",
    "price": 0.76,
    "reference_price": 1.52,
    "iva": 5,
    "reference_unit": "1 Kg",
    "date": "2023-01-17"
  },
  {
    "id": 5744,
    "name": "Fideua Paquete CONSUM",
    "description": "Fideua Paquete 500 Gr",
    "category": "Fideos y sopas",
    "url": "https://tienda.consum.es/es/p/fideua-paquete/7060544",
    "price": 0.76,
    "reference_price": 1.52,
    "iva": 5,
    "reference_unit": "1 Kg",
    "date": "2023-01-17"
  },
  {
    "id": 5745,
    "name": "Tallarines Paquete CONSUM",
    "description": "Tallarines Paquete 500 Gr",
    "category": "Macarrones, espaguetis y tallarines",
    "url": "https://tienda.consum.es/es/p/tallarines-paquete/7060549",
    "price": 0.76,
    "reference_price": 1.52,
    "iva": 5,
    "reference_unit": "1 Kg",
    "date": "2023-01-17"
  },
  {
    "id": 5746,
    "name": "Pasta Tiburones Paquete CONSUM",
    "description": "Pasta Tiburones Paquete 500 Gr",
    "category": "Otras pastas secas",
    "url": "https://tienda.consum.es/es/p/pasta-tiburones-paquete/7060551",
    "price": 0.76,
    "reference_price": 1.52,
    "iva": 5,
    "reference_unit": "1 Kg",
    "date": "2023-01-17"
  },
  {
    "id": 5747,
    "name": "Espirales Paquete CONSUM",
    "description": "Espirales Paquete 500 Gr",
    "category": "Macarrones, espaguetis y tallarines",
    "url": "https://tienda.consum.es/es/p/espirales-paquete/7060556",
    "price": 0.76,
    "reference_price": 1.52,
    "iva": 5,
    "reference_unit": "1 Kg",
    "date": "2023-01-17"
  },
  {
    "id": 5748,
    "name": "Pasta Maravilla Paquete CONSUM",
    "description": "Pasta Maravilla Paquete 500 Gr",
    "category": "Otras pastas secas",
    "url": "https://tienda.consum.es/es/p/pasta-maravilla-paquete/7060564",
    "price": 0.76,
    "reference_price": 1.52,
    "iva": 5,
    "reference_unit": "1 Kg",
    "date": "2023-01-17"
  },
  {
    "id": 5749,
    "name": "Macarrones Finos Paquete CONSUM",
    "description": "Macarrones Finos Paquete 500 Gr",
    "category": "Macarrones, espaguetis y tallarines",
    "url": "https://tienda.consum.es/es/p/macarrones-finos-paquete/7060569",
    "price": 0.76,
    "reference_price": 1.52,
    "iva": 5,
    "reference_unit": "1 Kg",
    "date": "2023-01-17"
  },
  {
    "id": 5750,
    "name": "Macarrones Rayados Paquete CONSUM",
    "description": "Macarrones Rayados Paquete 500 Gr",
    "category": "Macarrones, espaguetis y tallarines",
    "url": "https://tienda.consum.es/es/p/macarrones-rayados-paquete/7060572",
    "price": 0.76,
    "reference_price": 1.52,
    "iva": 5,
    "reference_unit": "1 Kg",
    "date": "2023-01-17"
  },
  {
    "id": 5751,
    "name": "Pasta Estrellas Paquete CONSUM",
    "description": "Pasta Estrellas Paquete 500 Gr",
    "category": "Otras pastas secas",
    "url": "https://tienda.consum.es/es/p/pasta-estrellas-paquete/7060577",
    "price": 0.76,
    "reference_price": 1.52,
    "iva": 5,
    "reference_unit": "1 Kg",
    "date": "2023-01-17"
  },
  {
    "id": 5752,
    "name": "Fideos Cabellin Paquete CONSUM",
    "description": "Fideos Cabellin Paquete 500 Gr",
    "category": "Fideos y sopas",
    "url": "https://tienda.consum.es/es/p/fideos-cabellin-paquete/7060598",
    "price": 0.76,
    "reference_price": 1.52,
    "iva": 5,
    "reference_unit": "1 Kg",
    "date": "2023-01-17"
  },
  {
    "id": 5753,
    "name": "Fideos Medianos Paquete CONSUM",
    "description": "Fideos Medianos Paquete 500 Gr",
    "category": "Fideos y sopas",
    "url": "https://tienda.consum.es/es/p/fideos-medianos-paquete/7060606",
    "price": 0.76,
    "reference_price": 1.52,
    "iva": 5,
    "reference_unit": "1 Kg",
    "date": "2023-01-17"
  },
  {
    "id": 5755,
    "name": "Toldo Salvalluvias COLEBOLSA",
    "description": "Toldo Salvalluvias 1 U",
    "category": "Útiles de limpieza",
    "url": "https://tienda.consum.es/es/p/toldo-salvalluvias/7060965",
    "price": 1.99,
    "reference_price": 1.99,
    "iva": 21,
    "reference_unit": "1 U",
    "date": "2023-01-17"
  },
  {
    "id": 5763,
    "name": "Queso Fresco Pack de 2 Unidades CONSUM",
    "description": "Queso Fresco Pack de 2 Unidades 2 x 250 Gr",
    "category": "Frescos y para ensaladas",
    "url": "https://tienda.consum.es/es/p/queso-fresco-pack-de-2-unidades/7061252",
    "price": 1.88,
    "reference_price": 3.76,
    "iva": 0,
    "reference_unit": "1 Kg",
    "date": "2023-01-17"
  },
  {
    "id": 5766,
    "name": "Salchichas Bratwurst Blancas PICKEN",
    "description": "Salchichas Bratwurst Blancas 340 Gr",
    "category": "Salchichas",
    "url": "https://tienda.consum.es/es/p/salchichas-bratwurst-blancas/7061398",
    "price": 3.89,
    "reference_price": 11.44,
    "iva": 10,
    "reference_unit": "1 Kg",
    "date": "2023-01-17"
  },
  {
    "id": 5767,
    "name": "Crema Manos Protectora Rápida Absorción EUDERMIN",
    "description": "Crema Manos Protectora Rápida Absorción 75 ml",
    "category": "Cuidado manos y pies",
    "url": "https://tienda.consum.es/es/p/crema-manos-protectora-rapida-absorcion/7061641",
    "price": 1.99,
    "reference_price": 2.65,
    "iva": 21,
    "reference_unit": "100 ml",
    "date": "2023-01-17"
  },
  {
    "id": 5768,
    "name": "Dentífrico Blanqueador KYREY",
    "description": "Dentífrico Blanqueador 75 ml",
    "category": "Dentífricos",
    "url": "https://tienda.consum.es/es/p/dentifrico-blanqueador/7061802",
    "price": 0.99,
    "reference_price": 1.32,
    "iva": 21,
    "reference_unit": "100 ml",
    "date": "2023-01-17"
  },
  {
    "id": 5770,
    "name": "Enjuague Bucal Junior CONSUM KIDS",
    "description": "Enjuague Bucal Junior 500 ml",
    "category": "Antisépticos y enjuagues",
    "url": "https://tienda.consum.es/es/p/enjuague-bucal-junior/7061851",
    "price": 1.55,
    "reference_price": 0.31,
    "iva": 21,
    "reference_unit": "100 ml",
    "date": "2023-01-17"
  },
  {
    "id": 5771,
    "name": "Agua Mineral Natural Tapón Sport CONSUM",
    "description": "Agua Mineral Natural Tapón Sport 0,33 L",
    "category": "Agua sin gas : botella",
    "url": "https://tienda.consum.es/es/p/agua-mineral-natural-tapon-sport/7061869",
    "price": 0.22,
    "reference_price": 0.67,
    "iva": 10,
    "reference_unit": "1 L",
    "date": "2023-01-17"
  },
  {
    "id": 5772,
    "name": "Agua Mineral Natural. Tapón Rosca CONSUM",
    "description": "Agua Mineral Natural. Tapón Rosca 0,5 L",
    "category": "Agua sin gas : botella",
    "url": "https://tienda.consum.es/es/p/agua-mineral-natural-tapon-rosca/7061877",
    "price": 0.2,
    "reference_price": 0.4,
    "iva": 10,
    "reference_unit": "1 L",
    "date": "2023-01-17"
  },
  {
    "id": 5773,
    "name": "Tónica Botella CONSUM",
    "description": "Tónica Botella 1,5 L",
    "category": "Tónica",
    "url": "https://tienda.consum.es/es/p/tonica-botella/7061927",
    "price": 0.9,
    "reference_price": 0.6,
    "iva": 21,
    "reference_unit": "1 L",
    "date": "2023-01-17"
  },
  {
    "id": 5774,
    "name": "Cortezas de Cerdo Bolsa CONSUM",
    "description": "Cortezas de Cerdo Bolsa 100 Gr",
    "category": "Snacks y otros aperitivos",
    "url": "https://tienda.consum.es/es/p/cortezas-de-cerdo-bolsa/7062024",
    "price": 1,
    "reference_price": 10,
    "iva": 10,
    "reference_unit": "1 Kg",
    "date": "2023-01-17"
  },
  {
    "id": 5778,
    "name": "Nata Montada 500 Ml. CONSUM",
    "description": "Nata Montada 500 Ml. 230 Gr",
    "category": "Bloques y Nata",
    "url": "https://tienda.consum.es/es/p/nata-montada-500-ml/7062581",
    "price": 2.25,
    "reference_price": 9.78,
    "iva": 10,
    "reference_unit": "1 Kg",
    "date": "2023-01-17"
  },
  {
    "id": 5779,
    "name": "Aceitunas Rellenas de Anchoas Lata JOLCA",
    "description": "Aceitunas Rellenas de Anchoas Lata 150 Gr",
    "category": "Aceitunas sin hueso",
    "url": "https://tienda.consum.es/es/p/aceitunas-rellenas-de-anchoas-lata/7062917",
    "price": 1.75,
    "reference_price": 11.67,
    "iva": 10,
    "reference_unit": "1 Kg",
    "date": "2023-01-17"
  },
  {
    "id": 5781,
    "name": "Champú 2 en 1 Delicado TIMOTEI",
    "description": "Champú 2 en 1 Delicado 400 ml",
    "category": "Champú",
    "url": "https://tienda.consum.es/es/p/champu-2-en-1-delicado/7063944",
    "price": 3.15,
    "reference_price": 0.79,
    "iva": 21,
    "reference_unit": "100 ml",
    "date": "2023-01-17"
  },
  {
    "id": 5782,
    "name": "Chocolate con Leche CONSUM",
    "description": "Chocolate con Leche 150 Gr",
    "category": "Tabletas",
    "url": "https://tienda.consum.es/es/p/chocolate-con-leche/7064004",
    "price": 0.85,
    "reference_price": 5.67,
    "iva": 10,
    "reference_unit": "1 Kg",
    "date": "2023-01-17"
  },
  {
    "id": 5783,
    "name": "Chocolate Blanco Extrafino CONSUM",
    "description": "Chocolate Blanco Extrafino 75 Gr",
    "category": "Tabletas",
    "url": "https://tienda.consum.es/es/p/chocolate-blanco-extrafino/7064009",
    "price": 0.45,
    "reference_price": 6,
    "iva": 10,
    "reference_unit": "1 Kg",
    "date": "2023-01-17"
  },
  {
    "id": 5784,
    "name": "Chocolate con Leche con Almendras CONSUM",
    "description": "Chocolate con Leche con Almendras 150 Gr",
    "category": "Tabletas",
    "url": "https://tienda.consum.es/es/p/chocolate-con-leche-con-almendras/7064020",
    "price": 1,
    "reference_price": 6.67,
    "iva": 10,
    "reference_unit": "1 Kg",
    "date": "2023-01-17"
  },
  {
    "id": 5785,
    "name": "Chocolate con Avellanas CONSUM",
    "description": "Chocolate con Avellanas 150 Gr",
    "category": "Tabletas",
    "url": "https://tienda.consum.es/es/p/chocolate-con-avellanas/7064025",
    "price": 0.9,
    "reference_price": 6,
    "iva": 10,
    "reference_unit": "1 Kg",
    "date": "2023-01-17"
  },
  {
    "id": 5786,
    "name": "Jamón Cocido Extra. CONSUM",
    "description": "Jamón Cocido Extra. 200 Gr",
    "category": "Jamón cocido - york",
    "url": "https://tienda.consum.es/es/p/jamon-cocido-extra/7064467",
    "price": 1.95,
    "reference_price": 9.75,
    "iva": 10,
    "reference_unit": "1 Kg",
    "date": "2023-01-17"
  },
  {
    "id": 5789,
    "name": "Piña en su Jugo PELLI",
    "description": "Piña en su Jugo 340 Gr",
    "category": "Frutas en almíbar y en su jugo",
    "url": "https://tienda.consum.es/es/p/pina-en-su-jugo/7064637",
    "price": 1.7,
    "reference_price": 5,
    "iva": 10,
    "reference_unit": "1 Kg",
    "date": "2023-01-17"
  },
  {
    "id": 5790,
    "name": "Antical Tabletas CONSUM",
    "description": "Antical Tabletas 18 U",
    "category": "Aditivos y complementos",
    "url": "https://tienda.consum.es/es/p/antical-tabletas/7064780",
    "price": 1.59,
    "reference_price": 0.09,
    "iva": 21,
    "reference_unit": "1 U",
    "date": "2023-01-17"
  },
  {
    "id": 5791,
    "name": "Refresco Limón Lata SCHWEPPES",
    "description": "Refresco Limón Lata 0,33 L",
    "category": "Limón y lima-limón",
    "url": "https://tienda.consum.es/es/p/refresco-limon-lata/7066020",
    "price": 0.89,
    "reference_price": 2.7,
    "iva": 21,
    "reference_unit": "1 L",
    "date": "2023-01-17"
  },
  {
    "id": 5792,
    "name": "Refresco Limón Zero Lata SCHWEPPES",
    "description": "Refresco Limón Zero Lata 0,33 L",
    "category": "Limón y lima-limón",
    "url": "https://tienda.consum.es/es/p/refresco-limon-zero-lata/7066033",
    "price": 0.89,
    "reference_price": 2.7,
    "iva": 21,
    "reference_unit": "1 L",
    "date": "2023-01-17"
  },
  {
    "id": 5793,
    "name": "Infusion Duerme Bien 20 Bolsitas POMPADOUR",
    "description": "Infusion Duerme Bien 20 Bolsitas 20 U",
    "category": "Otras infusiones",
    "url": "https://tienda.consum.es/es/p/infusion-duerme-bien-20-bolsitas/7066066",
    "price": 2.75,
    "reference_price": 0.14,
    "iva": 10,
    "reference_unit": "1 U",
    "date": "2023-01-17"
  },
  {
    "id": 5794,
    "name": "Desodorante Spray Fresh Nature BYLY",
    "description": "Desodorante Spray Fresh Nature 200 ml",
    "category": "Spray",
    "url": "https://tienda.consum.es/es/p/desodorante-spray-fresh-nature/7066280",
    "price": 3.2,
    "reference_price": 1.6,
    "iva": 21,
    "reference_unit": "100 ml",
    "date": "2023-01-17"
  },
  {
    "id": 5795,
    "name": "Zumo Exprimido Naranja Sin pulpa - Brik DON SIMON",
    "description": "Zumo Exprimido Naranja Sin pulpa - Brik 1 L",
    "category": "Zumos y néctares no refrigerados",
    "url": "https://tienda.consum.es/es/p/zumo-exprimido-naranja-sin-pulpa---brik/7066389",
    "price": 1.85,
    "reference_price": 1.85,
    "iva": 10,
    "reference_unit": "1 L",
    "date": "2023-01-17"
  },
  {
    "id": 5797,
    "name": "Queso Mezcla Semicurado Cuña G.BAQUERO",
    "description": "Queso Mezcla Semicurado Cuña 325 Gr",
    "category": "Semicurados",
    "url": "https://tienda.consum.es/es/p/queso-mezcla-semicurado-cuna/7067093",
    "price": 4.66,
    "reference_price": 14.34,
    "iva": 0,
    "reference_unit": "1 Kg",
    "date": "2023-01-17"
  },
  {
    "id": 5798,
    "name": "Queso Mezcla Tierno Cuña G.BAQUERO",
    "description": "Queso Mezcla Tierno Cuña 325 Gr",
    "category": "Tiernos y light",
    "url": "https://tienda.consum.es/es/p/queso-mezcla-tierno-cuna/7067098",
    "price": 4.32,
    "reference_price": 13.29,
    "iva": 0,
    "reference_unit": "1 Kg",
    "date": "2023-01-17"
  },
  {
    "id": 5803,
    "name": "Huevas de Arenque AVRUGA",
    "description": "Huevas de Arenque 55 Gr",
    "category": "Surimis y salazones",
    "url": "https://tienda.consum.es/es/p/huevas-de-arenque/7067502",
    "price": 3.49,
    "reference_price": 63.45,
    "iva": 10,
    "reference_unit": "1 Kg",
    "date": "2023-01-17"
  },
  {
    "id": 5804,
    "name": "Ajo Molido Tarro CONSUM",
    "description": "Ajo Molido Tarro 58 Gr",
    "category": "Conservas, aceites y condimentos",
    "url": "https://tienda.consum.es/es/p/ajo-molido-tarro/7067606",
    "price": 0.65,
    "reference_price": 11.21,
    "iva": 10,
    "reference_unit": "1 Kg",
    "date": "2023-01-17"
  },
  {
    "id": 5805,
    "name": "Canela Molida Tarro CONSUM",
    "description": "Canela Molida Tarro 39 Gr",
    "category": "Especias",
    "url": "https://tienda.consum.es/es/p/canela-molida-tarro/7067622",
    "price": 0.75,
    "reference_price": 1.92,
    "iva": 10,
    "reference_unit": "100 Gr",
    "date": "2023-01-17"
  },
  {
    "id": 5806,
    "name": "Colorante Alimenticio Tarro CONSUM",
    "description": "Colorante Alimenticio Tarro 60 Gr",
    "category": "Especias",
    "url": "https://tienda.consum.es/es/p/colorante-alimenticio-tarro/7067635",
    "price": 0.65,
    "reference_price": 10.83,
    "iva": 10,
    "reference_unit": "1 Kg",
    "date": "2023-01-17"
  },
  {
    "id": 5807,
    "name": "Orégano Tarro CONSUM",
    "description": "Orégano Tarro 12 Gr",
    "category": "Especias",
    "url": "https://tienda.consum.es/es/p/oregano-tarro/7067655",
    "price": 0.65,
    "reference_price": 5.42,
    "iva": 10,
    "reference_unit": "100 Gr",
    "date": "2023-01-17"
  },
  {
    "id": 5808,
    "name": "Perejil Tarro CONSUM",
    "description": "Perejil Tarro 8 Gr",
    "category": "Especias",
    "url": "https://tienda.consum.es/es/p/perejil-tarro/7067663",
    "price": 0.65,
    "reference_price": 8.13,
    "iva": 10,
    "reference_unit": "100 Gr",
    "date": "2023-01-17"
  },
  {
    "id": 5809,
    "name": "Piñones Caja CONSUM",
    "description": "Piñones Caja 40 Gr",
    "category": "Otros frutos secos",
    "url": "https://tienda.consum.es/es/p/pinones-caja/7067692",
    "price": 2.85,
    "reference_price": 7.13,
    "iva": 10,
    "reference_unit": "100 Gr",
    "date": "2023-01-17"
  },
  {
    "id": 5810,
    "name": "Krissia Barritas de Surimi AGUINAGA",
    "description": "Krissia Barritas de Surimi 180 Gr",
    "category": "Surimis y salazones",
    "url": "https://tienda.consum.es/es/p/krissia-barritas-de-surimi/7067903",
    "price": 2.99,
    "reference_price": 16.61,
    "iva": 10,
    "reference_unit": "1 Kg",
    "date": "2023-01-17"
  },
  {
    "id": 5811,
    "name": "Cava Brut Nature D.O.Cava JAUME SERRA",
    "description": "Cava Brut Nature D.O.Cava 0,75 L",
    "category": "Cavas y sidras",
    "url": "https://tienda.consum.es/es/p/cava-brut-nature-docava/7067994",
    "price": 3.15,
    "reference_price": 4.2,
    "iva": 21,
    "reference_unit": "1 L",
    "date": "2023-01-17"
  },
  {
    "id": 5812,
    "name": "Sal Lavavajillas En Grano FINISH",
    "description": "Sal Lavavajillas En Grano 2 Kg",
    "category": "Aditivos y limpiamáquinas",
    "url": "https://tienda.consum.es/es/p/sal-lavavajillas-en-grano/7068484",
    "price": 5.99,
    "reference_price": 3,
    "iva": 21,
    "reference_unit": "1 Kg",
    "date": "2023-01-17"
  },
  {
    "id": 5813,
    "name": "Toallitas Frescas Limón WIR",
    "description": "Toallitas Frescas Limón 30 U",
    "category": "Celulosa",
    "url": "https://tienda.consum.es/es/p/toallitas-frescas-limon/7068518",
    "price": 1.65,
    "reference_price": 0.06,
    "iva": 21,
    "reference_unit": "1 U",
    "date": "2023-01-17"
  },
  {
    "id": 5816,
    "name": "Salsa Bechamel Brik RENY PICOT",
    "description": "Salsa Bechamel Brik 500 ml",
    "category": "Bechamel",
    "url": "https://tienda.consum.es/es/p/salsa-bechamel-brik/7068914",
    "price": 2.49,
    "reference_price": 4.98,
    "iva": 10,
    "reference_unit": "1 L",
    "date": "2023-01-17"
  },
  {
    "id": 5817,
    "name": "Gamuzas Atrapapolvo CONSUM",
    "description": "Gamuzas Atrapapolvo 20 U",
    "category": "Bayetas, gamuzas y plumeros",
    "url": "https://tienda.consum.es/es/p/gamuzas-atrapapolvo/7068984",
    "price": 1.35,
    "reference_price": 0.07,
    "iva": 21,
    "reference_unit": "1 U",
    "date": "2023-01-17"
  },
  {
    "id": 5818,
    "name": "Aluminio CONSUM",
    "description": "Aluminio 30 M",
    "category": "Bazar",
    "url": "https://tienda.consum.es/es/p/aluminio/7069003",
    "price": 2.3,
    "reference_price": 0.08,
    "iva": 21,
    "reference_unit": "1 M",
    "date": "2023-01-17"
  },
  {
    "id": 5819,
    "name": "Aluminio CONSUM",
    "description": "Aluminio 50 M",
    "category": "Bazar",
    "url": "https://tienda.consum.es/es/p/aluminio/7069008",
    "price": 3.65,
    "reference_price": 0.07,
    "iva": 21,
    "reference_unit": "1 M",
    "date": "2023-01-17"
  },
  {
    "id": 5821,
    "name": "Aceitunas Rellenas Anchoa Suave Pack 3 JOLCA",
    "description": "Aceitunas Rellenas Anchoa Suave Pack 3 3 x 50 Gr",
    "category": "Aceitunas sin hueso",
    "url": "https://tienda.consum.es/es/p/aceitunas-rellenas-anchoa-suave-pack-3/7069029",
    "price": 2.75,
    "reference_price": 18.33,
    "iva": 10,
    "reference_unit": "1 Kg",
    "date": "2023-01-17"
  },
  {
    "id": 5822,
    "name": "Queso Mezcla Tronchón Cuña GRANJA RINYA",
    "description": "Queso Mezcla Tronchón Cuña 200 Gr",
    "category": "Tiernos y light",
    "url": "https://tienda.consum.es/es/p/queso-mezcla-tronchon-cuna/7069102",
    "price": 2.16,
    "reference_price": 10.8,
    "iva": 0,
    "reference_unit": "1 Kg",
    "date": "2023-01-17"
  },
  {
    "id": 5823,
    "name": "Suavizante Concentrado Azul FLOR",
    "description": "Suavizante Concentrado Azul 59 Lavados",
    "category": "Suavizante",
    "url": "https://tienda.consum.es/es/p/suavizante-concentrado-azul/7069214",
    "price": 3.49,
    "reference_price": 0.06,
    "iva": 21,
    "reference_unit": "1 Lv",
    "date": "2023-01-17"
  },
  {
    "id": 5824,
    "name": "Caldo Líquido Casero de Pollo Brik CONSUM",
    "description": "Caldo Líquido Casero de Pollo Brik 1 L",
    "category": "Caldos y sopas",
    "url": "https://tienda.consum.es/es/p/caldo-liquido-casero-de-pollo-brik/7069292",
    "price": 0.85,
    "reference_price": 0.85,
    "iva": 10,
    "reference_unit": "1 L",
    "date": "2023-01-17"
  },
  {
    "id": 5825,
    "name": "Caldo Líquido Pescado Brik CONSUM",
    "description": "Caldo Líquido Pescado Brik 1 L",
    "category": "Caldos y sopas",
    "url": "https://tienda.consum.es/es/p/caldo-liquido-pescado-brik/7069297",
    "price": 1.2,
    "reference_price": 1.2,
    "iva": 10,
    "reference_unit": "1 L",
    "date": "2023-01-17"
  },
  {
    "id": 5827,
    "name": "Pechuga de Pavo Finas Lonchas CONSUM",
    "description": "Pechuga de Pavo Finas Lonchas 200 Gr",
    "category": "Fiambres ave",
    "url": "https://tienda.consum.es/es/p/pechuga-de-pavo-finas-lonchas/7069305",
    "price": 2.07,
    "reference_price": 10.35,
    "iva": 10,
    "reference_unit": "1 Kg",
    "date": "2023-01-17"
  },
  {
    "id": 5828,
    "name": "Refresco Cola Zero Botella COCA-COLA",
    "description": "Refresco Cola Zero Botella 0,5 L",
    "category": "Cola",
    "url": "https://tienda.consum.es/es/p/refresco-cola-zero-botella/7069458",
    "price": 1.39,
    "reference_price": 2.78,
    "iva": 21,
    "reference_unit": "1 L",
    "date": "2023-01-17"
  },
  {
    "id": 5829,
    "name": "Bebida Isotónica Naranja Botella AQUARIUS",
    "description": "Bebida Isotónica Naranja Botella 0,5 L",
    "category": "Isotónicas botella",
    "url": "https://tienda.consum.es/es/p/bebida-isotonica-naranja-botella/7069461",
    "price": 1.39,
    "reference_price": 2.78,
    "iva": 21,
    "reference_unit": "1 L",
    "date": "2023-01-17"
  },
  {
    "id": 5830,
    "name": "Bebida Isotónica Limón Botella AQUARIUS",
    "description": "Bebida Isotónica Limón Botella 0,5 L",
    "category": "Isotónicas botella",
    "url": "https://tienda.consum.es/es/p/bebida-isotonica-limon-botella/7069466",
    "price": 1.39,
    "reference_price": 2.78,
    "iva": 21,
    "reference_unit": "1 L",
    "date": "2023-01-17"
  },
  {
    "id": 5833,
    "name": "Peques3 Crecimiento con Cereales PULEVA",
    "description": "Peques3 Crecimiento con Cereales 1 L",
    "category": "Leche crecimiento infantil",
    "url": "https://tienda.consum.es/es/p/peques3-crecimiento-con-cereales/7069508",
    "price": 1.85,
    "reference_price": 1.85,
    "iva": 10,
    "reference_unit": "1 L",
    "date": "2023-01-17"
  },
  {
    "id": 5835,
    "name": "Edulcorante 650 Comprimidos CONSUM",
    "description": "Edulcorante 650 Comprimidos 39 Gr",
    "category": "Edulcorantes",
    "url": "https://tienda.consum.es/es/p/edulcorante-650-comprimidos/7069532",
    "price": 0.85,
    "reference_price": 2.18,
    "iva": 10,
    "reference_unit": "100 Gr",
    "date": "2023-01-17"
  },
  {
    "id": 5836,
    "name": "Pizza congelada Ristorante 4 Quesos DR.OETKER",
    "description": "Pizza congelada Ristorante 4 Quesos 340 Gr",
    "category": "Pizza congelada",
    "url": "https://tienda.consum.es/es/p/pizza-congelada-ristorante-4-quesos/7069581",
    "price": 4.25,
    "reference_price": 12.5,
    "iva": 10,
    "reference_unit": "1 Kg",
    "date": "2023-01-17"
  },
  {
    "id": 5837,
    "name": "Magdalena Cuadrada CONSUM",
    "description": "Magdalena Cuadrada 350 Gr",
    "category": "Bollería industrial",
    "url": "https://tienda.consum.es/es/p/magdalena-cuadrada/7069771",
    "price": 1.29,
    "reference_price": 3.69,
    "iva": 10,
    "reference_unit": "1 Kg",
    "date": "2023-01-17"
  },
  {
    "id": 5838,
    "name": "Magdalenas Redondas CONSUM",
    "description": "Magdalenas Redondas 615 Gr",
    "category": "Bollería industrial",
    "url": "https://tienda.consum.es/es/p/magdalenas-redondas/7069784",
    "price": 2.39,
    "reference_price": 3.89,
    "iva": 10,
    "reference_unit": "1 Kg",
    "date": "2023-01-17"
  },
  {
    "id": 5839,
    "name": "Valencianas 12 Unidades CONSUM",
    "description": "Valencianas 12 Unidades 350 Gr",
    "category": "Bollería industrial",
    "url": "https://tienda.consum.es/es/p/valencianas-12-unidades/7069789",
    "price": 1.35,
    "reference_price": 3.86,
    "iva": 10,
    "reference_unit": "1 Kg",
    "date": "2023-01-17"
  },
  {
    "id": 5840,
    "name": "Valencianas 24 Unidades CONSUM",
    "description": "Valencianas 24 Unidades 700 Gr",
    "category": "Bollería industrial",
    "url": "https://tienda.consum.es/es/p/valencianas-24-unidades/7069792",
    "price": 2.5,
    "reference_price": 3.57,
    "iva": 10,
    "reference_unit": "1 Kg",
    "date": "2023-01-17"
  },
  {
    "id": 5841,
    "name": "Pan de Molde Clasico 16 Rebanadas. CONSUM",
    "description": "Pan de Molde Clasico 16 Rebanadas. 460 Gr",
    "category": "Pan de molde",
    "url": "https://tienda.consum.es/es/p/pan-de-molde-clasico-16-rebanadas/7069797",
    "price": 0.85,
    "reference_price": 1.85,
    "iva": 10,
    "reference_unit": "1 Kg",
    "date": "2023-01-17"
  },
  {
    "id": 5842,
    "name": "Pan Molde 100% Integral Tierno y Fresco CONSUM",
    "description": "Pan Molde 100% Integral Tierno y Fresco 460 Gr",
    "category": "Con corteza",
    "url": "https://tienda.consum.es/es/p/pan-molde-100-integral-tierno-y-fresco/7069800",
    "price": 0.95,
    "reference_price": 2.07,
    "iva": 10,
    "reference_unit": "1 Kg",
    "date": "2023-01-17"
  },
  {
    "id": 5843,
    "name": "Pan Maxi Burger 4 Unidades CONSUM",
    "description": "Pan Maxi Burger 4 Unidades 300 Gr",
    "category": "Pan de hamburguesa, hot dog y wraps",
    "url": "https://tienda.consum.es/es/p/pan-maxi-burger-4-unidades/7069821",
    "price": 0.9,
    "reference_price": 3,
    "iva": 10,
    "reference_unit": "1 Kg",
    "date": "2023-01-17"
  },
  {
    "id": 5844,
    "name": "Pan Hot Dog 6 Unidades CONSUM",
    "description": "Pan Hot Dog 6 Unidades 330 Gr",
    "category": "Pan de hamburguesa, hot dog y wraps",
    "url": "https://tienda.consum.es/es/p/pan-hot-dog-6-unidades/7069826",
    "price": 0.95,
    "reference_price": 2.88,
    "iva": 10,
    "reference_unit": "1 Kg",
    "date": "2023-01-17"
  },
  {
    "id": 5846,
    "name": "San Jacobos 4 Unidades congelados CONSUM",
    "description": "San Jacobos 4 Unidades congelados 320 Gr",
    "category": "Carne, verduras y otros",
    "url": "https://tienda.consum.es/es/p/san-jacobos-4-unidades-congelados/7069859",
    "price": 1.1,
    "reference_price": 3.44,
    "iva": 10,
    "reference_unit": "1 Kg",
    "date": "2023-01-17"
  },
  {
    "id": 5847,
    "name": "Jamón Gran Reserva curación 15 meses CONSUM",
    "description": "Jamón Gran Reserva curación 15 meses 150 Gr",
    "category": "Jamón",
    "url": "https://tienda.consum.es/es/p/jamon-gran-reserva-curacion-15-meses/7069982",
    "price": 2.55,
    "reference_price": 17,
    "iva": 10,
    "reference_unit": "1 Kg",
    "date": "2023-01-17"
  },
  {
    "id": 5848,
    "name": "Jamón Gran Reserva curación 15 meses CONSUM",
    "description": "Jamón Gran Reserva curación 15 meses 250 Gr",
    "category": "Jamón",
    "url": "https://tienda.consum.es/es/p/jamon-gran-reserva-curacion-15-meses/7069987",
    "price": 3.73,
    "reference_price": 14.92,
    "iva": 10,
    "reference_unit": "1 Kg",
    "date": "2023-01-17"
  },
  {
    "id": 5849,
    "name": "Caramelos Eucalipto Menta Pack de 4 HALLS",
    "description": "Caramelos Eucalipto Menta Pack de 4 4 x 32 Gr",
    "category": "Chicles, caramelos y gominolas",
    "url": "https://tienda.consum.es/es/p/caramelos-eucalipto-menta-pack-de-4/7070279",
    "price": 2.2,
    "reference_price": 17.19,
    "iva": 10,
    "reference_unit": "1 Kg",
    "date": "2023-01-17"
  },
  {
    "id": 5850,
    "name": "Caramelos Cítricos Vita C sin Azúcar HALLS",
    "description": "Caramelos Cítricos Vita C sin Azúcar 4 x 32 Gr",
    "category": "Chicles, caramelos y gominolas",
    "url": "https://tienda.consum.es/es/p/caramelos-citricos-vita-c-sin-azucar/7070290",
    "price": 2.2,
    "reference_price": 17.19,
    "iva": 10,
    "reference_unit": "1 Kg",
    "date": "2023-01-17"
  },
  {
    "id": 5852,
    "name": "Pizza Jamón Serrano TARRADELLAS",
    "description": "Pizza Jamón Serrano 390 Gr",
    "category": "Pizza refrigerada",
    "url": "https://tienda.consum.es/es/p/pizza-jamon-serrano/7070753",
    "price": 3.19,
    "reference_price": 8.18,
    "iva": 10,
    "reference_unit": "1 Kg",
    "date": "2023-01-17"
  },
  {
    "id": 5854,
    "name": "Cerveza Especial Alemana Botella FRANZISKANER",
    "description": "Cerveza Especial Alemana Botella 0,5 L",
    "category": "Importación botella",
    "url": "https://tienda.consum.es/es/p/cerveza-especial-alemana-botella/7070902",
    "price": 1.55,
    "reference_price": 3.1,
    "iva": 21,
    "reference_unit": "1 L",
    "date": "2023-01-17"
  },
  {
    "id": 5856,
    "name": "Cepillo Dental Filamento Medio KYREY",
    "description": "Cepillo Dental Filamento Medio 2 U",
    "category": "Cepillos de dientes",
    "url": "https://tienda.consum.es/es/p/cepillo-dental-filamento-medio/7071371",
    "price": 0.66,
    "reference_price": 0.33,
    "iva": 21,
    "reference_unit": "1 U",
    "date": "2023-01-17"
  },
  {
    "id": 5857,
    "name": "Cepillo Dental Suave Filamento Cruzado KYREY",
    "description": "Cepillo Dental Suave Filamento Cruzado 1 U",
    "category": "Cepillos de dientes",
    "url": "https://tienda.consum.es/es/p/cepillo-dental-suave-filamento-cruzado/7071376",
    "price": 1.3,
    "reference_price": 1.3,
    "iva": 21,
    "reference_unit": "1 U",
    "date": "2023-01-17"
  },
  {
    "id": 5858,
    "name": "Cepillo Dental Medio Filamento Cruzado KYREY",
    "description": "Cepillo Dental Medio Filamento Cruzado 1 U",
    "category": "Cepillos de dientes",
    "url": "https://tienda.consum.es/es/p/cepillo-dental-medio-filamento-cruzado/7071384",
    "price": 1.49,
    "reference_price": 1.49,
    "iva": 21,
    "reference_unit": "1 U",
    "date": "2023-01-17"
  },
  {
    "id": 5859,
    "name": "Cepillo Dental Filamento Cruzado Duro KYREY",
    "description": "Cepillo Dental Filamento Cruzado Duro 1 U",
    "category": "Cepillos de dientes",
    "url": "https://tienda.consum.es/es/p/cepillo-dental-filamento-cruzado-duro/7071392",
    "price": 1.49,
    "reference_price": 1.49,
    "iva": 21,
    "reference_unit": "1 U",
    "date": "2023-01-17"
  },
  {
    "id": 5860,
    "name": "Cepillo Dental Avanzado Filamento Medio KYREY",
    "description": "Cepillo Dental Avanzado Filamento Medio 1 U",
    "category": "Cepillos de dientes",
    "url": "https://tienda.consum.es/es/p/cepillo-dental-avanzado-filamento-medio/7071405",
    "price": 1.99,
    "reference_price": 1.99,
    "iva": 21,
    "reference_unit": "1 U",
    "date": "2023-01-17"
  },
  {
    "id": 26582,
    "name": "Nuez Grano Eco Doypack CONSUM ECO",
    "description": "Nuez Grano Eco Doypack 100 Gr",
    "category": "Otros frutos secos",
    "url": "https://tienda.consum.es/es/p/nuez-grano-eco-doypack/7292340",
    "price": 2.39,
    "reference_price": 23.9,
    "iva": 0,
    "reference_unit": "1 Kg",
    "date": "2023-01-17"
  },
  {
    "id": 26584,
    "name": "Detergente Líquido Prendas Oscuras CONSUM",
    "description": "Detergente Líquido Prendas Oscuras 30 Lv",
    "category": "A máquina líquido",
    "url": "https://tienda.consum.es/es/p/detergente-liquido-prendas-oscuras/7351166",
    "price": 4.65,
    "reference_price": 0.16,
    "iva": 21,
    "reference_unit": "1 Lv",
    "date": "2023-01-17"
  },
  {
    "id": 26585,
    "name": "Atún Aceite Girasol Lata CONSUM",
    "description": "Atún Aceite Girasol Lata 650 Gr",
    "category": "Atún y bonito",
    "url": "https://tienda.consum.es/es/p/atun-aceite-girasol-lata/7360352",
    "price": 6.95,
    "reference_price": 10.69,
    "iva": 10,
    "reference_unit": "1 Kg",
    "date": "2023-01-17"
  },
  {
    "id": 26586,
    "name": "Relleno para Fajitas congelado CONSUM",
    "description": "Relleno para Fajitas congelado 300 Gr",
    "category": "Carne, verduras y otros",
    "url": "https://tienda.consum.es/es/p/relleno-para-fajitas-congelado/7360758",
    "price": 1.9,
    "reference_price": 6.33,
    "iva": 10,
    "reference_unit": "1 Kg",
    "date": "2023-01-17"
  },
  {
    "id": 26588,
    "name": "Gel Baño Burbujas KYREY",
    "description": "Gel Baño Burbujas 500 ml",
    "category": "Gel de baño",
    "url": "https://tienda.consum.es/es/p/gel-bano-burbujas/7363950",
    "price": 1.45,
    "reference_price": 0.29,
    "iva": 21,
    "reference_unit": "100 ml",
    "date": "2023-01-17"
  },
  {
    "id": 26589,
    "name": "Gel Baño Glicerina KYREY",
    "description": "Gel Baño Glicerina 500 ml",
    "category": "Gel de baño",
    "url": "https://tienda.consum.es/es/p/gel-bano-glicerina/7363963",
    "price": 1.45,
    "reference_price": 0.29,
    "iva": 21,
    "reference_unit": "100 ml",
    "date": "2023-01-17"
  },
  {
    "id": 26590,
    "name": "Toalla Desmaquilladora BETER",
    "description": "Toalla Desmaquilladora 1 U",
    "category": "Rostro",
    "url": "https://tienda.consum.es/es/p/toalla-desmaquilladora/7371198",
    "price": 2.95,
    "reference_price": 2.95,
    "iva": 21,
    "reference_unit": "1 U",
    "date": "2023-01-17"
  },
  {
    "id": 26597,
    "name": "Bombón Rocher Classic 4 Unidades FERRERO",
    "description": "Bombón Rocher Classic 4 Unidades 200 Gr",
    "category": "Bombones",
    "url": "https://tienda.consum.es/es/p/bombon-rocher-classic-4-unidades/7374031",
    "price": 4.79,
    "reference_price": 23.95,
    "iva": 10,
    "reference_unit": "1 Kg",
    "date": "2023-01-17"
  },
  {
    "id": 26598,
    "name": "Bombón Raffaello 4 Unidades FERRERO",
    "description": "Bombón Raffaello 4 Unidades 188 Gr",
    "category": "Bombones",
    "url": "https://tienda.consum.es/es/p/bombon-raffaello-4-unidades/7374036",
    "price": 4.79,
    "reference_price": 25.48,
    "iva": 10,
    "reference_unit": "1 Kg",
    "date": "2023-01-17"
  },
  {
    "id": 26602,
    "name": "Mix Cocktail Bolsa JUMPERS",
    "description": "Mix Cocktail Bolsa 100 Gr",
    "category": "Snacks y otros aperitivos",
    "url": "https://tienda.consum.es/es/p/mix-cocktail-bolsa/7375533",
    "price": 1.25,
    "reference_price": 12.5,
    "iva": 10,
    "reference_unit": "1 Kg",
    "date": "2023-01-17"
  },
  {
    "id": 26611,
    "name": "Bolas de Cereal Cubiertas de Chocolate MALTESERS",
    "description": "Bolas de Cereal Cubiertas de Chocolate 148 Gr",
    "category": "Chocolatinas y bombones",
    "url": "https://tienda.consum.es/es/p/bolas-de-cereal-cubiertas-de-chocolate/7375988",
    "price": 2.59,
    "reference_price": 17.5,
    "iva": 10,
    "reference_unit": "1 Kg",
    "date": "2023-01-17"
  },
  {
    "id": 26635,
    "name": "Pepitas Chocolate Negro Intenso 70% VAHINÉ",
    "description": "Pepitas Chocolate Negro Intenso 70% 100 Gr",
    "category": "Repostería para preparar",
    "url": "https://tienda.consum.es/es/p/pepitas-chocolate-negro-intenso-70/7376247",
    "price": 3.19,
    "reference_price": 31.9,
    "iva": 10,
    "reference_unit": "1 Kg",
    "date": "2023-01-17"
  },
  {
    "id": 26636,
    "name": "Levadura en Polvo Bote VAHINÉ",
    "description": "Levadura en Polvo Bote 180 Gr",
    "category": "Harinas y levaduras",
    "url": "https://tienda.consum.es/es/p/levadura-en-polvo-bote/7376254",
    "price": 2.55,
    "reference_price": 14.17,
    "iva": 10,
    "reference_unit": "1 Kg",
    "date": "2023-01-17"
  },
  {
    "id": 26637,
    "name": "Azúcar Avainillado Bote VAHINÉ",
    "description": "Azúcar Avainillado Bote 190 Gr",
    "category": "Repostería para preparar",
    "url": "https://tienda.consum.es/es/p/azucar-avainillado-bote/7376259",
    "price": 2.49,
    "reference_price": 13.11,
    "iva": 10,
    "reference_unit": "1 Kg",
    "date": "2023-01-17"
  },
  {
    "id": 26639,
    "name": "Multipack Snatts Palitos Pipas SNATT'S",
    "description": "Multipack Snatts Palitos Pipas 160 Gr",
    "category": "Rosquilletas, picos y snacks",
    "url": "https://tienda.consum.es/es/p/multipack-snatts-palitos-pipas/7376275",
    "price": 2.75,
    "reference_price": 17.19,
    "iva": 10,
    "reference_unit": "1 Kg",
    "date": "2023-01-17"
  },
  {
    "id": 26640,
    "name": "Barritas Cereales con Chocolate-Banana Big CORNY",
    "description": "Barritas Cereales con Chocolate-Banana Big 50 Gr",
    "category": "Barritas ",
    "url": "https://tienda.consum.es/es/p/barritas-cereales-con-chocolate-banana-big/7376296",
    "price": 0.89,
    "reference_price": 17.8,
    "iva": 10,
    "reference_unit": "1 Kg",
    "date": "2023-01-17"
  },
  {
    "id": 26641,
    "name": "Burger Meat Cerdo-Pollo con Verduras ",
    "description": "Burger Meat Cerdo-Pollo con Verduras 125 Gr",
    "category": "Picadas y hamburguesas",
    "url": "https://tienda.consum.es/es/p/burger-meat-cerdo-pollo-con-verduras/7376304",
    "price": 1.55,
    "reference_price": 12.4,
    "iva": 10,
    "reference_unit": "1 Kg",
    "date": "2023-01-17"
  },
  {
    "id": 26644,
    "name": "Levadura Panadería 5 Unidades ROYAL",
    "description": "Levadura Panadería 5 Unidades 27,5 Gr",
    "category": "Harinas y levaduras",
    "url": "https://tienda.consum.es/es/p/levadura-panaderia-5-unidades/7376358",
    "price": 2.15,
    "reference_price": 7.82,
    "iva": 10,
    "reference_unit": "100 Gr",
    "date": "2023-01-17"
  },
  {
    "id": 26656,
    "name": "Pañuelos Faciales Pequeños Espacios CONSUM",
    "description": "Pañuelos Faciales Pequeños Espacios 55 U",
    "category": "Pañuelos y tissues",
    "url": "https://tienda.consum.es/es/p/panuelos-faciales-pequenos-espacios/7376507",
    "price": 1.49,
    "reference_price": 0.03,
    "iva": 21,
    "reference_unit": "1 U",
    "date": "2023-01-17"
  },
  {
    "id": 26657,
    "name": "Tarta de Galleta y Chocolate ",
    "description": "Tarta de Galleta y Chocolate 750 Gr",
    "category": "Tartas ",
    "url": "https://tienda.consum.es/es/p/tarta-de-galleta-y-chocolate/7376549",
    "price": 9.29,
    "reference_price": 12.39,
    "iva": 10,
    "reference_unit": "1 Kg",
    "date": "2023-01-17"
  },
  {
    "id": 26671,
    "name": "Rollo Cocina Eco 2=6 CONSUM",
    "description": "Rollo Cocina Eco 2=6 2 U",
    "category": "Papel de cocina",
    "url": "https://tienda.consum.es/es/p/rollo-cocina-eco-26/7329501",
    "price": 3.09,
    "reference_price": 1.55,
    "iva": 21,
    "reference_unit": "1 U",
    "date": "2023-01-17"
  },
  {
    "id": 26672,
    "name": "Blanqueador de Juntas CONSUM",
    "description": "Blanqueador de Juntas 250 ml",
    "category": "Limpieza hogar",
    "url": "https://tienda.consum.es/es/p/blanqueador-de-juntas/7364862",
    "price": 2.75,
    "reference_price": 11,
    "iva": 21,
    "reference_unit": "1 L",
    "date": "2023-01-17"
  },
  {
    "id": 26673,
    "name": "Postre Gelificado 00% Sabor Fresa CONSUM",
    "description": "Postre Gelificado 00% Sabor Fresa 4 x 100 Gr",
    "category": "Gelatina",
    "url": "https://tienda.consum.es/es/p/postre-gelificado-00-sabor-fresa/7368918",
    "price": 0.77,
    "reference_price": 1.93,
    "iva": 10,
    "reference_unit": "1 Kg",
    "date": "2023-01-17"
  },
  {
    "id": 26674,
    "name": "Postre Gelificado 00% Sabor Tropical CONSUM",
    "description": "Postre Gelificado 00% Sabor Tropical 4 x 100 Gr",
    "category": "Gelatina",
    "url": "https://tienda.consum.es/es/p/postre-gelificado-00-sabor-tropical/7368921",
    "price": 0.77,
    "reference_price": 1.93,
    "iva": 10,
    "reference_unit": "1 Kg",
    "date": "2023-01-17"
  },
  {
    "id": 26679,
    "name": "Maquinilla Depilación Venus Swirl 5 Hojas GILLETTE",
    "description": "Maquinilla Depilación Venus Swirl 5 Hojas 1 U",
    "category": "Maquinillas y recambios",
    "url": "https://tienda.consum.es/es/p/maquinilla-depilacion-venus-swirl-5-hojas/7373285",
    "price": 9.99,
    "reference_price": 9.99,
    "iva": 21,
    "reference_unit": "1 U",
    "date": "2023-01-17"
  },
  {
    "id": 26681,
    "name": "Plumas Nº 6 Paquete GALLO",
    "description": "Plumas Nº 6 Paquete 450 Gr",
    "category": "Macarrones, espaguetis y tallarines",
    "url": "https://tienda.consum.es/es/p/plumas-n-6-paquete/7374734",
    "price": 1.33,
    "reference_price": 2.96,
    "iva": 5,
    "reference_unit": "1 Kg",
    "date": "2023-01-17"
  },
  {
    "id": 26687,
    "name": "Bebida Energética Sandía Lata RED BULL",
    "description": "Bebida Energética Sandía Lata 0,25 L",
    "category": "Energéticas",
    "url": "https://tienda.consum.es/es/p/bebida-energetica-sandia-lata/7375553",
    "price": 1.25,
    "reference_price": 5,
    "iva": 21,
    "reference_unit": "1 L",
    "date": "2023-01-17"
  },
  {
    "id": 26688,
    "name": "Pizza congelada Prosciutto sin Gluten sin Lactosa DR.OETKER",
    "description": "Pizza congelada Prosciutto sin Gluten sin Lactosa 345 Gr",
    "category": "Pizza congelada",
    "url": "https://tienda.consum.es/es/p/pizza-congelada-prosciutto-sin-gluten-sin-lactosa/7375921",
    "price": 4.95,
    "reference_price": 14.35,
    "iva": 10,
    "reference_unit": "1 Kg",
    "date": "2023-01-17"
  },
  {
    "id": 26689,
    "name": "Dentífrico Esmalte Sano COLGATE",
    "description": "Dentífrico Esmalte Sano 75 ml",
    "category": "Higiene bucal",
    "url": "https://tienda.consum.es/es/p/dentifrico-esmalte-sano/7376085",
    "price": 3.69,
    "reference_price": 4.92,
    "iva": 21,
    "reference_unit": "100 ml",
    "date": "2023-01-17"
  },
  {
    "id": 26695,
    "name": "Alterbacon LA SELVA",
    "description": "Alterbacon 100 Gr",
    "category": "Otros cocidos",
    "url": "https://tienda.consum.es/es/p/alterbacon/7376312",
    "price": 2.79,
    "reference_price": 27.9,
    "iva": 10,
    "reference_unit": "1 Kg",
    "date": "2023-01-17"
  },
  {
    "id": 26696,
    "name": "Pétalos Pechuga Pavo NOEL",
    "description": "Pétalos Pechuga Pavo 90 Gr",
    "category": "Fiambres ave",
    "url": "https://tienda.consum.es/es/p/petalos-pechuga-pavo/7376325",
    "price": 2.49,
    "reference_price": 27.67,
    "iva": 10,
    "reference_unit": "1 Kg",
    "date": "2023-01-17"
  },
  {
    "id": 26702,
    "name": "Snack Dentastix Chewy Chunk Pollo PEDIGREE",
    "description": "Snack Dentastix Chewy Chunk Pollo 68 Gr",
    "category": "Snacks",
    "url": "https://tienda.consum.es/es/p/snack-dentastix-chewy-chunk-pollo/7376569",
    "price": 1.79,
    "reference_price": 26.32,
    "iva": 10,
    "reference_unit": "1 Kg",
    "date": "2023-01-17"
  },
  {
    "id": 26705,
    "name": "Crema Corporal Exfoliant Piedra Volcánica EUDERMIN BIO",
    "description": "Crema Corporal Exfoliant Piedra Volcánica 300 ml",
    "category": "Exfoliantes",
    "url": "https://tienda.consum.es/es/p/crema-corporal-exfoliant-piedra-volcanica/7376713",
    "price": 3.99,
    "reference_price": 1.33,
    "iva": 21,
    "reference_unit": "100 ml",
    "date": "2023-01-17"
  },
  {
    "id": 26712,
    "name": "Maquinilla Afeitar Mach3 3 Hojas 3 Recambios GILLETTE",
    "description": "Maquinilla Afeitar Mach3 3 Hojas 3 Recambios 1 U",
    "category": "Maquinillas de afeitar",
    "url": "https://tienda.consum.es/es/p/maquinilla-afeitar-mach3-3-hojas-3-recambios/7376796",
    "price": 9.85,
    "reference_price": 9.85,
    "iva": 21,
    "reference_unit": "1 U",
    "date": "2023-01-17"
  },
  {
    "id": 26716,
    "name": "Comida Húmeda Tarrina Buey con Verduras CESAR",
    "description": "Comida Húmeda Tarrina Buey con Verduras 300 Gr",
    "category": "Húmedo",
    "url": "https://tienda.consum.es/es/p/comida-humeda-tarrina-buey-con-verduras/7376841",
    "price": 2.15,
    "reference_price": 7.17,
    "iva": 10,
    "reference_unit": "1 Kg",
    "date": "2023-01-17"
  },
  {
    "id": 26721,
    "name": "Pastillas Lavavajillas Todo en 1 FINISH",
    "description": "Pastillas Lavavajillas Todo en 1 25+7",
    "category": "Lavavajillas a máquina",
    "url": "https://tienda.consum.es/es/p/pastillas-lavavajillas-todo-en-1/7376932",
    "price": 10.99,
    "reference_price": 0.34,
    "iva": 21,
    "reference_unit": "1 Do",
    "date": "2023-01-17"
  },
  {
    "id": 26722,
    "name": "Limpiador Baño Pistola DON LIMPIO",
    "description": "Limpiador Baño Pistola 0,72 L",
    "category": "Limpieza baños",
    "url": "https://tienda.consum.es/es/p/limpiador-bano-pistola/7376940",
    "price": 3.99,
    "reference_price": 5.54,
    "iva": 21,
    "reference_unit": "1 L",
    "date": "2023-01-17"
  },
  {
    "id": 26723,
    "name": "Limpiador Quitagrasas Express DON LIMPIO",
    "description": "Limpiador Quitagrasas Express 0,72 L",
    "category": "Limpieza cocina",
    "url": "https://tienda.consum.es/es/p/limpiador-quitagrasas-express/7376952",
    "price": 3.99,
    "reference_price": 5.54,
    "iva": 21,
    "reference_unit": "1 L",
    "date": "2023-01-17"
  },
  {
    "id": 26724,
    "name": "Limpiador Multiusos Limón Fresco DON LIMPIO",
    "description": "Limpiador Multiusos Limón Fresco 1,3 L",
    "category": "Limpieza cocina",
    "url": "https://tienda.consum.es/es/p/limpiador-multiusos-limon-fresco/7376960",
    "price": 3.99,
    "reference_price": 3.07,
    "iva": 21,
    "reference_unit": "1 L",
    "date": "2023-01-17"
  },
  {
    "id": 26739,
    "name": "Papilla Cereales sin Gluten NESTLE",
    "description": "Papilla Cereales sin Gluten 240 Gr",
    "category": "Alimentación infantil",
    "url": "https://tienda.consum.es/es/p/papilla-cereales-sin-gluten/7377224",
    "price": 1.99,
    "reference_price": 8.29,
    "iva": 10,
    "reference_unit": "1 Kg",
    "date": "2023-01-17"
  },
  {
    "id": 26744,
    "name": "Fregona Tiras Decoradas CONSUM",
    "description": "Fregona Tiras Decoradas 2 U",
    "category": "Fregonas",
    "url": "https://tienda.consum.es/es/p/fregona-tiras-decoradas/7367399",
    "price": 1.85,
    "reference_price": 0.93,
    "iva": 21,
    "reference_unit": "1 U",
    "date": "2023-01-17"
  },
  {
    "id": 26745,
    "name": "Batido de Proteínas 35G Sabor Chocolate CONSUM",
    "description": "Batido de Proteínas 35G Sabor Chocolate 330 ml",
    "category": "Yogures especial salud",
    "url": "https://tienda.consum.es/es/p/batido-de-proteinas-35g-sabor-chocolate/7369460",
    "price": 1.69,
    "reference_price": 5.12,
    "iva": 10,
    "reference_unit": "1 L",
    "date": "2023-01-17"
  },
  {
    "id": 26746,
    "name": "Triángulos de Maíz Dippas Bolsa DORITOS",
    "description": "Triángulos de Maíz Dippas Bolsa 180 Gr",
    "category": "Snacks y otros aperitivos",
    "url": "https://tienda.consum.es/es/p/triangulos-de-maiz-dippas-bolsa/7372204",
    "price": 1.99,
    "reference_price": 11.06,
    "iva": 10,
    "reference_unit": "1 Kg",
    "date": "2023-01-17"
  },
  {
    "id": 26747,
    "name": "Burger Meat Angus ",
    "description": "Burger Meat Angus 130 Gr",
    "category": "Picadas y hamburguesas",
    "url": "https://tienda.consum.es/es/p/burger-meat-angus/7372688",
    "price": 2.35,
    "reference_price": 18.08,
    "iva": 10,
    "reference_unit": "1 Kg",
    "date": "2023-01-17"
  },
  {
    "id": 26748,
    "name": "Activia con Fresas Pack de 4 Unidades DANONE",
    "description": "Activia con Fresas Pack de 4 Unidades 4 x 120 Gr",
    "category": "Bífidus",
    "url": "https://tienda.consum.es/es/p/activia-con-fresas-pack-de-4-unidades/7375004",
    "price": 2.89,
    "reference_price": 6.02,
    "iva": 10,
    "reference_unit": "1 Kg",
    "date": "2023-01-17"
  },
  {
    "id": 26749,
    "name": "Activia con Mango Pack de 4 Unidades DANONE",
    "description": "Activia con Mango Pack de 4 Unidades 4 x 120 Gr",
    "category": "Bífidus",
    "url": "https://tienda.consum.es/es/p/activia-con-mango-pack-de-4-unidades/7375009",
    "price": 2.89,
    "reference_price": 6.02,
    "iva": 10,
    "reference_unit": "1 Kg",
    "date": "2023-01-17"
  },
  {
    "id": 26751,
    "name": "Snack Liquido Gatos Salmón Omega 3 VITAKRAFT",
    "description": "Snack Liquido Gatos Salmón Omega 3 90 Gr",
    "category": "Snacks",
    "url": "https://tienda.consum.es/es/p/snack-liquido-gatos-salmon-omega-3/7376556",
    "price": 2.89,
    "reference_price": 32.11,
    "iva": 10,
    "reference_unit": "1 Kg",
    "date": "2023-01-17"
  },
  {
    "id": 26754,
    "name": "Limpiador Baños Aroma Fresco DON LIMPIO",
    "description": "Limpiador Baños Aroma Fresco 1,3 L",
    "category": "Limpieza baños",
    "url": "https://tienda.consum.es/es/p/limpiador-banos-aroma-fresco/7376945",
    "price": 3.99,
    "reference_price": 3.07,
    "iva": 21,
    "reference_unit": "1 L",
    "date": "2023-01-17"
  },
  {
    "id": 26765,
    "name": "Limpiador Cocina Desinfectante KH-7",
    "description": "Limpiador Cocina Desinfectante 0,75 L",
    "category": "Limpieza cocina",
    "url": "https://tienda.consum.es/es/p/limpiador-cocina-desinfectante/7377208",
    "price": 3.09,
    "reference_price": 4.12,
    "iva": 21,
    "reference_unit": "1 L",
    "date": "2023-01-17"
  },
  {
    "id": 26767,
    "name": "Rosquilla Girasol RIO",
    "description": "Rosquilla Girasol 600 Gr",
    "category": "Desayuno y merienda infantil",
    "url": "https://tienda.consum.es/es/p/rosquilla-girasol/7377260",
    "price": 2.99,
    "reference_price": 4.98,
    "iva": 10,
    "reference_unit": "1 Kg",
    "date": "2023-01-17"
  },
  {
    "id": 26769,
    "name": "Salchichón Ibérico Extra Cebo de Campo CORTE NOBLE",
    "description": "Salchichón Ibérico Extra Cebo de Campo",
    "category": "Ibéricos",
    "url": "https://tienda.consum.es/es/p/salchichon-iberico-extra-cebo-de-campo/7377356",
    "price": 18.9,
    "reference_price": 18.9,
    "iva": 10,
    "reference_unit": "1 Kg",
    "date": "2023-01-17"
  },
  {
    "id": 26770,
    "name": "Chorizo Ibérico Extra Cebo de Campo CORTE NOBLE",
    "description": "Chorizo Ibérico Extra Cebo de Campo",
    "category": "Chorizo",
    "url": "https://tienda.consum.es/es/p/chorizo-iberico-extra-cebo-de-campo/7377364",
    "price": 18.9,
    "reference_price": 18.9,
    "iva": 10,
    "reference_unit": "1 Kg",
    "date": "2023-01-17"
  },
  {
    "id": 26774,
    "name": "Crema Depilatoria Tibia Natural VEET",
    "description": "Crema Depilatoria Tibia Natural 250 ml",
    "category": "Crema, gel y spray",
    "url": "https://tienda.consum.es/es/p/crema-depilatoria-tibia-natural/7377430",
    "price": 7.49,
    "reference_price": 3,
    "iva": 21,
    "reference_unit": "100 ml",
    "date": "2023-01-17"
  },
  {
    "id": 26775,
    "name": "Crema Depilatoria Roll On Piel Sensible Bikini-Axi VEET",
    "description": "Crema Depilatoria Roll On Piel Sensible Bikini-Axi 100 ml",
    "category": "Crema, gel y spray",
    "url": "https://tienda.consum.es/es/p/crema-depilatoria-roll-on-piel-sensible-bikini-axi/7377435",
    "price": 4.5,
    "reference_price": 4.5,
    "iva": 21,
    "reference_unit": "100 ml",
    "date": "2023-01-17"
  },
  {
    "id": 26776,
    "name": "Crema Hidratante Hyaluron Men SPF 15 NIVEA",
    "description": "Crema Hidratante Hyaluron Men SPF 15 50 ml",
    "category": "Masculino",
    "url": "https://tienda.consum.es/es/p/crema-hidratante-hyaluron-men-spf-15/7377443",
    "price": 13.5,
    "reference_price": 27,
    "iva": 21,
    "reference_unit": "100 ml",
    "date": "2023-01-17"
  },
  {
    "id": 26777,
    "name": "Agua Micelar Piel Normal NIVEA",
    "description": "Agua Micelar Piel Normal 400 ml",
    "category": "Limpieza y desmaquilladores",
    "url": "https://tienda.consum.es/es/p/agua-micelar-piel-normal/7377526",
    "price": 4.65,
    "reference_price": 1.16,
    "iva": 21,
    "reference_unit": "100 ml",
    "date": "2023-01-17"
  },
  {
    "id": 26778,
    "name": "Higaditos de Pollo CONSUM",
    "description": "Higaditos de Pollo 300 Gr",
    "category": "Aves y conejo",
    "url": "https://tienda.consum.es/es/p/higaditos-de-pollo/7377567",
    "price": 1.5,
    "reference_price": 5,
    "iva": 10,
    "reference_unit": "1 Kg",
    "date": "2023-01-17"
  },
  {
    "id": 26779,
    "name": "Mollejas de Pollo CONSUM",
    "description": "Mollejas de Pollo 300 Gr",
    "category": "Aves y conejo",
    "url": "https://tienda.consum.es/es/p/mollejas-de-pollo/7377583",
    "price": 1.6,
    "reference_price": 5.33,
    "iva": 10,
    "reference_unit": "1 Kg",
    "date": "2023-01-17"
  },
  {
    "id": 26780,
    "name": "Perfilador Rotulador Perfect Slim 01 L'OREAL",
    "description": "Perfilador Rotulador Perfect Slim 01 1 U",
    "category": "Ojos",
    "url": "https://tienda.consum.es/es/p/perfilador-rotulador-perfect-slim-01/7377724",
    "price": 7.99,
    "reference_price": 7.99,
    "iva": 21,
    "reference_unit": "1 U",
    "date": "2023-01-17"
  },
  {
    "id": 26802,
    "name": "Detergente Cápsulas Universal CONSUM",
    "description": "Detergente Cápsulas Universal 18 Do",
    "category": "Máquina pastilla",
    "url": "https://tienda.consum.es/es/p/detergente-capsulas-universal/7351252",
    "price": 3.99,
    "reference_price": 0.22,
    "iva": 21,
    "reference_unit": "1 Do",
    "date": "2023-01-17"
  },
  {
    "id": 26803,
    "name": "Detergente Cápsulas Color CONSUM",
    "description": "Detergente Cápsulas Color 18 Do",
    "category": "Cuidado ropa",
    "url": "https://tienda.consum.es/es/p/detergente-capsulas-color/7351257",
    "price": 3.99,
    "reference_price": 0.22,
    "iva": 21,
    "reference_unit": "1 Do",
    "date": "2023-01-17"
  },
  {
    "id": 26804,
    "name": "Detergente Cápsulas Efecto Suavizante CONSUM",
    "description": "Detergente Cápsulas Efecto Suavizante 18 Do",
    "category": "Máquina pastilla",
    "url": "https://tienda.consum.es/es/p/detergente-capsulas-efecto-suavizante/7351260",
    "price": 3.99,
    "reference_price": 0.22,
    "iva": 21,
    "reference_unit": "1 Do",
    "date": "2023-01-17"
  },
  {
    "id": 26805,
    "name": "Detergente Líquido Marsella Rellenable CONSUM",
    "description": "Detergente Líquido Marsella Rellenable 40 Lv",
    "category": "A máquina líquido",
    "url": "https://tienda.consum.es/es/p/detergente-liquido-marsella-rellenable/7353134",
    "price": 3.29,
    "reference_price": 0.08,
    "iva": 21,
    "reference_unit": "1 Lv",
    "date": "2023-01-17"
  },
  {
    "id": 26806,
    "name": "Detergente Líquido Frescor Rellenable CONSUM",
    "description": "Detergente Líquido Frescor Rellenable 40 Lv",
    "category": "A máquina líquido",
    "url": "https://tienda.consum.es/es/p/detergente-liquido-frescor-rellenable/7353139",
    "price": 3.29,
    "reference_price": 0.08,
    "iva": 21,
    "reference_unit": "1 Lv",
    "date": "2023-01-17"
  },
  {
    "id": 26807,
    "name": "Bastoncillos Algodón KYREY",
    "description": "Bastoncillos Algodón 200 U",
    "category": "Complementos higiene",
    "url": "https://tienda.consum.es/es/p/bastoncillos-algodon/7368327",
    "price": 0.9,
    "reference_price": 0.01,
    "iva": 21,
    "reference_unit": "1 U",
    "date": "2023-01-17"
  },
  {
    "id": 26808,
    "name": "Salsa Súper Boloñesa Tarro GALLO",
    "description": "Salsa Súper Boloñesa Tarro 350 Gr",
    "category": "Otras salsas",
    "url": "https://tienda.consum.es/es/p/salsa-super-bolonesa-tarro/7374713",
    "price": 2.39,
    "reference_price": 6.83,
    "iva": 10,
    "reference_unit": "1 Kg",
    "date": "2023-01-17"
  },
  {
    "id": 26811,
    "name": "Detergente Cápsulas Trío DIXAN",
    "description": "Detergente Cápsulas Trío 23 Do",
    "category": "Máquina pastilla",
    "url": "https://tienda.consum.es/es/p/detergente-capsulas-trio/7375442",
    "price": 6.99,
    "reference_price": 0.3,
    "iva": 21,
    "reference_unit": "1 Do",
    "date": "2023-01-17"
  },
  {
    "id": 26814,
    "name": "Cerveza Selecta Lata SAN MIGUEL",
    "description": "Cerveza Selecta Lata 0,33 L",
    "category": "Nacional lata",
    "url": "https://tienda.consum.es/es/p/cerveza-selecta-lata/7375546",
    "price": 0.95,
    "reference_price": 2.88,
    "iva": 21,
    "reference_unit": "1 L",
    "date": "2023-01-17"
  },
  {
    "id": 26815,
    "name": "Cerveza Lata ROSA BLANCA",
    "description": "Cerveza Lata 0,33 L",
    "category": "Nacional lata",
    "url": "https://tienda.consum.es/es/p/cerveza-lata/7375645",
    "price": 0.79,
    "reference_price": 2.39,
    "iva": 21,
    "reference_unit": "1 L",
    "date": "2023-01-17"
  },
  {
    "id": 26817,
    "name": "Aceite Repara y Protege PANTENE",
    "description": "Aceite Repara y Protege 1 U",
    "category": "Serums, aceites y otros",
    "url": "https://tienda.consum.es/es/p/aceite-repara-y-protege/7375835",
    "price": 7.29,
    "reference_price": 7.29,
    "iva": 21,
    "reference_unit": "100 ml",
    "date": "2023-01-17"
  },
  {
    "id": 26818,
    "name": "Pan Tostado 100 % Integral RECONDO",
    "description": "Pan Tostado 100 % Integral 270 Gr",
    "category": "Tostadas y minibiscotes",
    "url": "https://tienda.consum.es/es/p/pan-tostado-100-integral/7376189",
    "price": 2.39,
    "reference_price": 8.85,
    "iva": 10,
    "reference_unit": "1 Kg",
    "date": "2023-01-17"
  },
  {
    "id": 26819,
    "name": "Bizcocho Limón sin Azúcar Añadidos LALY",
    "description": "Bizcocho Limón sin Azúcar Añadidos 500 Gr",
    "category": "Bollería industrial",
    "url": "https://tienda.consum.es/es/p/bizcocho-limon-sin-azucar-anadidos/7376192",
    "price": 2.99,
    "reference_price": 6.64,
    "iva": 10,
    "reference_unit": "1 Kg",
    "date": "2023-01-17"
  },
  {
    "id": 26820,
    "name": "Barritas Cereales con Choco-Leche 0% Pack 6 CORNY",
    "description": "Barritas Cereales con Choco-Leche 0% Pack 6 120 Gr",
    "category": "Barritas ",
    "url": "https://tienda.consum.es/es/p/barritas-cereales-con-choco-leche-0-pack-6/7376283",
    "price": 2.49,
    "reference_price": 20.75,
    "iva": 10,
    "reference_unit": "1 Kg",
    "date": "2023-01-17"
  },
  {
    "id": 26821,
    "name": "Barritas Cereales con Chocolate Negro Pack 6 CORNY",
    "description": "Barritas Cereales con Chocolate Negro Pack 6 138 Gr",
    "category": "Barritas ",
    "url": "https://tienda.consum.es/es/p/barritas-cereales-con-chocolate-negro-pack-6/7376288",
    "price": 2.49,
    "reference_price": 18.04,
    "iva": 10,
    "reference_unit": "1 Kg",
    "date": "2023-01-17"
  },
  {
    "id": 26822,
    "name": "Barritas Cereales con Chocolate Leche Pack 6 CORNY",
    "description": "Barritas Cereales con Chocolate Leche Pack 6 150 Gr",
    "category": "Barritas ",
    "url": "https://tienda.consum.es/es/p/barritas-cereales-con-chocolate-leche-pack-6/7376291",
    "price": 2.49,
    "reference_price": 16.6,
    "iva": 10,
    "reference_unit": "1 Kg",
    "date": "2023-01-17"
  },
  {
    "id": 26823,
    "name": "Semillas Molidas de Lino ECOCESTA",
    "description": "Semillas Molidas de Lino 200 Gr",
    "category": "Alimentación dietética básica",
    "url": "https://tienda.consum.es/es/p/semillas-molidas-de-lino/7376536",
    "price": 3.65,
    "reference_price": 18.25,
    "iva": 10,
    "reference_unit": "1 Kg",
    "date": "2023-01-17"
  },
  {
    "id": 26826,
    "name": "Comida Seca Gato Buey BREKKIES",
    "description": "Comida Seca Gato Buey 3,5 Kg",
    "category": "Seco",
    "url": "https://tienda.consum.es/es/p/comida-seca-gato-buey/7376986",
    "price": 11.05,
    "reference_price": 3.16,
    "iva": 10,
    "reference_unit": "1 Kg",
    "date": "2023-01-17"
  },
  {
    "id": 26827,
    "name": "Jamón Serrano Reserva Loncheado SIERRA SERRA",
    "description": "Jamón Serrano Reserva Loncheado 2 x 170 Gr",
    "category": "Jamón",
    "url": "https://tienda.consum.es/es/p/jamon-serrano-reserva-loncheado/7377021",
    "price": 4.29,
    "reference_price": 12.62,
    "iva": 10,
    "reference_unit": "1 Kg",
    "date": "2023-01-17"
  },
  {
    "id": 26828,
    "name": "Lomo de Bonito ANGOLEVANTE",
    "description": "Lomo de Bonito",
    "category": "Surimis y salazones",
    "url": "https://tienda.consum.es/es/p/lomo-de-bonito/7377034",
    "price": 4.78,
    "reference_price": 19.9,
    "iva": 10,
    "reference_unit": "1 Kg",
    "date": "2023-01-17"
  },
  {
    "id": 26830,
    "name": "Mix Cereales 0% Azúcares Añadidos ESGIR",
    "description": "Mix Cereales 0% Azúcares Añadidos 300 Gr",
    "category": "Cereales",
    "url": "https://tienda.consum.es/es/p/mix-cereales-0-azucares-anadidos/7377211",
    "price": 2.1,
    "reference_price": 7,
    "iva": 10,
    "reference_unit": "1 Kg",
    "date": "2023-01-17"
  },
  {
    "id": 26831,
    "name": "Mascarilla Facial Spa Pieles Sensibles/Secas BYPHASSE",
    "description": "Mascarilla Facial Spa Pieles Sensibles/Secas 150 ml",
    "category": "Tratamiento",
    "url": "https://tienda.consum.es/es/p/mascarilla-facial-spa-pieles-sensibles/secas/7377232",
    "price": 2.95,
    "reference_price": 1.97,
    "iva": 21,
    "reference_unit": "100 ml",
    "date": "2023-01-17"
  },
  {
    "id": 26834,
    "name": "Monohidrato de Creatina PROZIS",
    "description": "Monohidrato de Creatina 150 Gr",
    "category": "Para deportistas",
    "url": "https://tienda.consum.es/es/p/monohidrato-de-creatina/7377372",
    "price": 17.99,
    "reference_price": 119.93,
    "iva": 10,
    "reference_unit": "1 Kg",
    "date": "2023-01-17"
  },
  {
    "id": 26837,
    "name": "Mascarilla Facial Spa Pieles Mixta/Grasa BYPHASSE",
    "description": "Mascarilla Facial Spa Pieles Mixta/Grasa 150 ml",
    "category": "Tratamiento",
    "url": "https://tienda.consum.es/es/p/mascarilla-facial-spa-pieles-mixta/grasa/7377521",
    "price": 2.95,
    "reference_price": 1.97,
    "iva": 21,
    "reference_unit": "100 ml",
    "date": "2023-01-17"
  },
  {
    "id": 26840,
    "name": "Desodorante Stick Captain OLD SPICE",
    "description": "Desodorante Stick Captain 50 ml",
    "category": "Crema y barra",
    "url": "https://tienda.consum.es/es/p/desodorante-stick-captain/7377869",
    "price": 3.55,
    "reference_price": 7.1,
    "iva": 21,
    "reference_unit": "100 ml",
    "date": "2023-01-17"
  },
  {
    "id": 26841,
    "name": "Desodorante Stick Deep Sea OLD SPICE",
    "description": "Desodorante Stick Deep Sea 50 ml",
    "category": "Crema y barra",
    "url": "https://tienda.consum.es/es/p/desodorante-stick-deep-sea/7377872",
    "price": 3.55,
    "reference_price": 7.1,
    "iva": 21,
    "reference_unit": "100 ml",
    "date": "2023-01-17"
  },
  {
    "id": 26843,
    "name": "Bebida de Soja sin Azúcar Brik ALPRO",
    "description": "Bebida de Soja sin Azúcar Brik 1 L",
    "category": "Bebidas vegetales",
    "url": "https://tienda.consum.es/es/p/bebida-de-soja-sin-azucar-brik/7378164",
    "price": 2.19,
    "reference_price": 2.19,
    "iva": 10,
    "reference_unit": "1 L",
    "date": "2023-01-17"
  },
  {
    "id": 26848,
    "name": "Tarta Sacher Frambuesa ",
    "description": "Tarta Sacher Frambuesa 600 Gr",
    "category": "Tartas ",
    "url": "https://tienda.consum.es/es/p/tarta-sacher-frambuesa/7378461",
    "price": 8.99,
    "reference_price": 14.98,
    "iva": 10,
    "reference_unit": "1 Kg",
    "date": "2023-01-17"
  },
  {
    "id": 26851,
    "name": "Galletas Animals Kids CONSUM",
    "description": "Galletas Animals Kids 330 Gr",
    "category": "Desayuno y merienda infantil",
    "url": "https://tienda.consum.es/es/p/galletas-animals-kids/7259893",
    "price": 1.69,
    "reference_price": 5.12,
    "iva": 10,
    "reference_unit": "1 Kg",
    "date": "2023-01-17"
  },
  {
    "id": 26857,
    "name": "Avellana Natural Piel DoyPack CONSUM",
    "description": "Avellana Natural Piel DoyPack 200 Gr",
    "category": "Otros frutos secos",
    "url": "https://tienda.consum.es/es/p/avellana-natural-piel-doypack/7368111",
    "price": 2.74,
    "reference_price": 13.7,
    "iva": 0,
    "reference_unit": "1 Kg",
    "date": "2023-01-17"
  },
  {
    "id": 26869,
    "name": "Pañal Activity Extra T3+ de 7 a 11 Kg DODOT",
    "description": "Pañal Activity Extra T3+ de 7 a 11 Kg 60 U",
    "category": "Junior: Talla de 4 a 6",
    "url": "https://tienda.consum.es/es/p/panal-activity-extra-t3-de-7-a-11-kg/7376809",
    "price": 29.99,
    "reference_price": 0.5,
    "iva": 21,
    "reference_unit": "1 U",
    "date": "2023-01-17"
  },
  {
    "id": 26870,
    "name": "Pañal Activity Extra T5+ de 12 a 17 Kg DODOT",
    "description": "Pañal Activity Extra T5+ de 12 a 17 Kg 48 U",
    "category": "Bebé: Talla de 0 a 3",
    "url": "https://tienda.consum.es/es/p/panal-activity-extra-t5-de-12-a-17-kg/7376825",
    "price": 29.99,
    "reference_price": 0.62,
    "iva": 21,
    "reference_unit": "1 U",
    "date": "2023-01-17"
  },
  {
    "id": 26871,
    "name": "Comida Gato Lata Revelation Salmón Pack4 GOURMET",
    "description": "Comida Gato Lata Revelation Salmón Pack4 4 x 57 Gr",
    "category": "Húmedo",
    "url": "https://tienda.consum.es/es/p/comida-gato-lata-revelation-salmon-pack4/7376846",
    "price": 3.3,
    "reference_price": 14.47,
    "iva": 10,
    "reference_unit": "1 Kg",
    "date": "2023-01-17"
  },
  {
    "id": 26877,
    "name": "Chorizo Ibérico Extra Cebo BOADAS",
    "description": "Chorizo Ibérico Extra Cebo",
    "category": "Chorizo",
    "url": "https://tienda.consum.es/es/p/chorizo-iberico-extra-cebo/7377281",
    "price": 15.9,
    "reference_price": 15.9,
    "iva": 10,
    "reference_unit": "1 Kg",
    "date": "2023-01-17"
  },
  {
    "id": 26879,
    "name": "Salchichón Ibérico Extra Cebo BOADAS",
    "description": "Salchichón Ibérico Extra Cebo",
    "category": "Ibéricos",
    "url": "https://tienda.consum.es/es/p/salchichon-iberico-extra-cebo/7377294",
    "price": 15.9,
    "reference_price": 15.9,
    "iva": 10,
    "reference_unit": "1 Kg",
    "date": "2023-01-17"
  },
  {
    "id": 26880,
    "name": "Chorizo Extra Reserva 50% Duroc BOADAS",
    "description": "Chorizo Extra Reserva 50% Duroc 125 Gr",
    "category": "Chorizo",
    "url": "https://tienda.consum.es/es/p/chorizo-extra-reserva-50-duroc/7377299",
    "price": 2.15,
    "reference_price": 17.2,
    "iva": 10,
    "reference_unit": "1 Kg",
    "date": "2023-01-17"
  },
  {
    "id": 26881,
    "name": "Salchichón Extra Reserva 50% Duroc BOADAS",
    "description": "Salchichón Extra Reserva 50% Duroc 125 Gr",
    "category": "Salchichón y salami",
    "url": "https://tienda.consum.es/es/p/salchichon-extra-reserva-50-duroc/7377315",
    "price": 2.15,
    "reference_price": 17.2,
    "iva": 10,
    "reference_unit": "1 Kg",
    "date": "2023-01-17"
  },
  {
    "id": 26882,
    "name": "Compresa Noche Extra Ultrafina AUSONIA",
    "description": "Compresa Noche Extra Ultrafina 8 U",
    "category": "Compresas y protegeslips",
    "url": "https://tienda.consum.es/es/p/compresa-noche-extra-ultrafina/7377385",
    "price": 1.88,
    "reference_price": 0.24,
    "iva": 4,
    "reference_unit": "1 U",
    "date": "2023-01-17"
  },
  {
    "id": 26884,
    "name": "Dentífrico Calm Dientes y Encías ORAL B",
    "description": "Dentífrico Calm Dientes y Encías 75 ml",
    "category": "Dentífricos",
    "url": "https://tienda.consum.es/es/p/dentifrico-calm-dientes-y-encias/7377471",
    "price": 4.49,
    "reference_price": 5.99,
    "iva": 21,
    "reference_unit": "100 ml",
    "date": "2023-01-17"
  },
  {
    "id": 26885,
    "name": "Enjuague Bucal Luxe Blanqueador ORAL B",
    "description": "Enjuague Bucal Luxe Blanqueador 500 ml",
    "category": "Higiene bucal",
    "url": "https://tienda.consum.es/es/p/enjuague-bucal-luxe-blanqueador/7377500",
    "price": 4.99,
    "reference_price": 1,
    "iva": 21,
    "reference_unit": "100 ml",
    "date": "2023-01-17"
  },
  {
    "id": 26886,
    "name": "Gel-Champú Limpieza Profunda H&S",
    "description": "Gel-Champú Limpieza Profunda 300 ml",
    "category": "Champú",
    "url": "https://tienda.consum.es/es/p/gel-champu-limpieza-profunda/7377658",
    "price": 3.99,
    "reference_price": 1.33,
    "iva": 21,
    "reference_unit": "100 ml",
    "date": "2023-01-17"
  },
  {
    "id": 26890,
    "name": "Detergente en Cápsulas DIXAN",
    "description": "Detergente en Cápsulas 12 Lv",
    "category": "Máquina pastilla",
    "url": "https://tienda.consum.es/es/p/detergente-en-capsulas/7378235",
    "price": 3.79,
    "reference_price": 0.32,
    "iva": 21,
    "reference_unit": "1 Lv",
    "date": "2023-01-17"
  },
  {
    "id": 26891,
    "name": "Muffin Chocolate 2 Unidades ",
    "description": "Muffin Chocolate 2 Unidades 220 Gr",
    "category": "Magdalenas",
    "url": "https://tienda.consum.es/es/p/muffin-chocolate-2-unidades/7378631",
    "price": 1.99,
    "reference_price": 9.05,
    "iva": 10,
    "reference_unit": "1 Kg",
    "date": "2023-01-17"
  },
  {
    "id": 26894,
    "name": "Lavavajillas en Gel Excellence Duo SOMAT",
    "description": "Lavavajillas en Gel Excellence Duo 35 Lv",
    "category": "Lavavajillas a máquina",
    "url": "https://tienda.consum.es/es/p/lavavajillas-en-gel-excellence-duo/7378925",
    "price": 6.49,
    "reference_price": 0.19,
    "iva": 21,
    "reference_unit": "1 Lv",
    "date": "2023-01-17"
  },
  {
    "id": 26896,
    "name": "Nutripuffs Plátano NESTLE",
    "description": "Nutripuffs Plátano 7 Gr",
    "category": "Alimentación infantil",
    "url": "https://tienda.consum.es/es/p/nutripuffs-platano/7379092",
    "price": 0.55,
    "reference_price": 7.86,
    "iva": 10,
    "reference_unit": "100 Gr",
    "date": "2023-01-17"
  },
  {
    "id": 26904,
    "name": "Cera Moldeadora Brillo KYREY",
    "description": "Cera Moldeadora Brillo 100 ml",
    "category": "Gel y cera",
    "url": "https://tienda.consum.es/es/p/cera-moldeadora-brillo/7358344",
    "price": 2.7,
    "reference_price": 27,
    "iva": 21,
    "reference_unit": "1 L",
    "date": "2023-01-17"
  },
  {
    "id": 26905,
    "name": "Fiambre de Pavo Lata CONSUM",
    "description": "Fiambre de Pavo Lata 210 Gr",
    "category": "Conservas",
    "url": "https://tienda.consum.es/es/p/fiambre-de-pavo-lata/7361041",
    "price": 2.55,
    "reference_price": 12.14,
    "iva": 10,
    "reference_unit": "1 Kg",
    "date": "2023-01-17"
  },
  {
    "id": 26913,
    "name": "Pañal Activity Extra T4+ de 10 a 15 Kg DODOT",
    "description": "Pañal Activity Extra T4+ de 10 a 15 Kg 52 U",
    "category": "Junior: Talla de 4 a 6",
    "url": "https://tienda.consum.es/es/p/panal-activity-extra-t4-de-10-a-15-kg/7376817",
    "price": 29.99,
    "reference_price": 0.58,
    "iva": 21,
    "reference_unit": "1 U",
    "date": "2023-01-17"
  },
  {
    "id": 26914,
    "name": "Detergente Orgánico Gel Lavanda BOTANICAL",
    "description": "Detergente Orgánico Gel Lavanda 35 Lv",
    "category": "A máquina líquido",
    "url": "https://tienda.consum.es/es/p/detergente-organico-gel-lavanda/7377450",
    "price": 12.69,
    "reference_price": 0.36,
    "iva": 21,
    "reference_unit": "1 Lv",
    "date": "2023-01-17"
  },
  {
    "id": 26916,
    "name": "Recogedor Antivuelco con Palo MIK",
    "description": "Recogedor Antivuelco con Palo 1 U",
    "category": "Escoba y recogedor",
    "url": "https://tienda.consum.es/es/p/recogedor-antivuelco-con-palo/7377591",
    "price": 1.6,
    "reference_price": 1.6,
    "iva": 21,
    "reference_unit": "1 U",
    "date": "2023-01-17"
  },
  {
    "id": 26917,
    "name": "Ensalada Wakame congelada EXKIMO",
    "description": "Ensalada Wakame congelada 125 Gr",
    "category": "Asiático",
    "url": "https://tienda.consum.es/es/p/ensalada-wakame-congelada/7377625",
    "price": 1.39,
    "reference_price": 11.12,
    "iva": 10,
    "reference_unit": "1 Kg",
    "date": "2023-01-17"
  },
  {
    "id": 26919,
    "name": "Champú Cactus Antiencrespamiento PANTENE",
    "description": "Champú Cactus Antiencrespamiento 225 ml",
    "category": "Champú",
    "url": "https://tienda.consum.es/es/p/champu-cactus-antiencrespamiento/7378024",
    "price": 4.19,
    "reference_price": 1.86,
    "iva": 21,
    "reference_unit": "100 ml",
    "date": "2023-01-17"
  },
  {
    "id": 26920,
    "name": "Champú Seda sin Sulfatos PANTENE",
    "description": "Champú Seda sin Sulfatos 225 ml",
    "category": "Específico",
    "url": "https://tienda.consum.es/es/p/champu-seda-sin-sulfatos/7378037",
    "price": 4.19,
    "reference_price": 1.86,
    "iva": 21,
    "reference_unit": "100 ml",
    "date": "2023-01-17"
  },
  {
    "id": 26921,
    "name": "Champú Bambú Cabello Frágil PANTENE",
    "description": "Champú Bambú Cabello Frágil 224 ml",
    "category": "Champú",
    "url": "https://tienda.consum.es/es/p/champu-bambu-cabello-fragil/7378040",
    "price": 4.19,
    "reference_price": 1.87,
    "iva": 21,
    "reference_unit": "100 ml",
    "date": "2023-01-17"
  },
  {
    "id": 26922,
    "name": "Champú Seda Violet Cabello Frágil PANTENE",
    "description": "Champú Seda Violet Cabello Frágil 225 ml",
    "category": "Champú",
    "url": "https://tienda.consum.es/es/p/champu-seda-violet-cabello-fragil/7378052",
    "price": 4.19,
    "reference_price": 1.86,
    "iva": 21,
    "reference_unit": "100 ml",
    "date": "2023-01-17"
  },
  {
    "id": 26923,
    "name": "Mascarilla Cactus Antiencrespamiento PANTENE",
    "description": "Mascarilla Cactus Antiencrespamiento 160 ml",
    "category": "Mascarillas cabello",
    "url": "https://tienda.consum.es/es/p/mascarilla-cactus-antiencrespamiento/7378057",
    "price": 4.99,
    "reference_price": 3.12,
    "iva": 21,
    "reference_unit": "100 ml",
    "date": "2023-01-17"
  },
  {
    "id": 26926,
    "name": "Kinder Schokobons White Bolsa KINDER",
    "description": "Kinder Schokobons White Bolsa 200 Gr",
    "category": "Chocolatinas y bombones",
    "url": "https://tienda.consum.es/es/p/kinder-schokobons-white-bolsa/7378198",
    "price": 3.5,
    "reference_price": 17.5,
    "iva": 10,
    "reference_unit": "1 Kg",
    "date": "2023-01-17"
  },
  {
    "id": 26927,
    "name": "Mascarilla Seda Cabello Liso PANTENE",
    "description": "Mascarilla Seda Cabello Liso 160 ml",
    "category": "Mascarillas cabello",
    "url": "https://tienda.consum.es/es/p/mascarilla-seda-cabello-liso/7378201",
    "price": 4.99,
    "reference_price": 3.12,
    "iva": 21,
    "reference_unit": "100 ml",
    "date": "2023-01-17"
  },
  {
    "id": 26928,
    "name": "Serum Cactus Antiencrespamiento PANTENE",
    "description": "Serum Cactus Antiencrespamiento 75 ml",
    "category": "Serums, aceites y otros",
    "url": "https://tienda.consum.es/es/p/serum-cactus-antiencrespamiento/7378206",
    "price": 7.49,
    "reference_price": 9.99,
    "iva": 21,
    "reference_unit": "100 ml",
    "date": "2023-01-17"
  },
  {
    "id": 26929,
    "name": "Aceite Cabello Argán HERBAL ESSEN",
    "description": "Aceite Cabello Argán 100 ml",
    "category": "Serums, aceites y otros",
    "url": "https://tienda.consum.es/es/p/aceite-cabello-argan/7378214",
    "price": 4.99,
    "reference_price": 4.99,
    "iva": 21,
    "reference_unit": "100 ml",
    "date": "2023-01-17"
  },
  {
    "id": 26930,
    "name": "Agua Mineral Natural Botella AQUABONA",
    "description": "Agua Mineral Natural Botella 0,35 L",
    "category": "Agua sin gas : botella",
    "url": "https://tienda.consum.es/es/p/agua-mineral-natural-botella/7378610",
    "price": 0.43,
    "reference_price": 1.23,
    "iva": 10,
    "reference_unit": "1 L",
    "date": "2023-01-17"
  },
  {
    "id": 26931,
    "name": "Refresco Té Limón Botella NESTEA",
    "description": "Refresco Té Limón Botella 0,5 L",
    "category": "Té",
    "url": "https://tienda.consum.es/es/p/refresco-te-limon-botella/7378628",
    "price": 1.39,
    "reference_price": 2.78,
    "iva": 21,
    "reference_unit": "1 L",
    "date": "2023-01-17"
  },
  {
    "id": 26935,
    "name": "Barreño Redondo 8 L MIK",
    "description": "Barreño Redondo 8 L 1 U",
    "category": "Cubos y barreños",
    "url": "https://tienda.consum.es/es/p/barreno-redondo-8-l/7378789",
    "price": 2.2,
    "reference_price": 2.2,
    "iva": 21,
    "reference_unit": "1 U",
    "date": "2023-01-17"
  },
  {
    "id": 26936,
    "name": "Colonia Nº2 Rosa Fresca Aguas de V&L V&L",
    "description": "Colonia Nº2 Rosa Fresca Aguas de V&L 150 ml",
    "category": "Femeninas",
    "url": "https://tienda.consum.es/es/p/colonia-n2-rosa-fresca-aguas-de-vl/7378813",
    "price": 9.9,
    "reference_price": 6.6,
    "iva": 21,
    "reference_unit": "100 ml",
    "date": "2023-01-17"
  },
  {
    "id": 26939,
    "name": "Colonia Shakira Midnight SHAKIRA",
    "description": "Colonia Shakira Midnight 50 ml",
    "category": "Femeninas",
    "url": "https://tienda.consum.es/es/p/colonia-shakira-midnight/7378867",
    "price": 9.99,
    "reference_price": 19.98,
    "iva": 21,
    "reference_unit": "100 ml",
    "date": "2023-01-17"
  },
  {
    "id": 26940,
    "name": "Jabón Pastilla Glicerina LIDA",
    "description": "Jabón Pastilla Glicerina 3 x 125 ml",
    "category": "Jabón en pastillas",
    "url": "https://tienda.consum.es/es/p/jabon-pastilla-glicerina/7378909",
    "price": 3.99,
    "reference_price": 1.06,
    "iva": 21,
    "reference_unit": "100 ml",
    "date": "2023-01-17"
  },
  {
    "id": 26943,
    "name": "Taza Antifugas Asas TIGEX",
    "description": "Taza Antifugas Asas 260 ml",
    "category": "Puericultura",
    "url": "https://tienda.consum.es/es/p/taza-antifugas-asas/7379006",
    "price": 6.89,
    "reference_price": 2.65,
    "iva": 21,
    "reference_unit": "100 ml",
    "date": "2023-01-17"
  },
  {
    "id": 26944,
    "name": "Redondo de Pollo Asado CARLOTEÑA",
    "description": "Redondo de Pollo Asado 250 Gr",
    "category": "Fiambres ave",
    "url": "https://tienda.consum.es/es/p/redondo-de-pollo-asado/7379048",
    "price": 2.99,
    "reference_price": 11.96,
    "iva": 10,
    "reference_unit": "1 Kg",
    "date": "2023-01-17"
  },
  {
    "id": 26946,
    "name": "Crema de Lomos de Atún Oceanix Pack 2 LA PIARA",
    "description": "Crema de Lomos de Atún Oceanix Pack 2 2 x 75 Gr",
    "category": "Patés y untables",
    "url": "https://tienda.consum.es/es/p/crema-de-lomos-de-atun-oceanix-pack-2/7379118",
    "price": 3.39,
    "reference_price": 22.6,
    "iva": 10,
    "reference_unit": "1 Kg",
    "date": "2023-01-17"
  },
  {
    "id": 26947,
    "name": "Triángulo Pavo y Queso Empanado ",
    "description": "Triángulo Pavo y Queso Empanado 36 Gr",
    "category": "Otros elaborados",
    "url": "https://tienda.consum.es/es/p/triangulo-pavo-y-queso-empanado/7379134",
    "price": 0.65,
    "reference_price": 1.81,
    "iva": 10,
    "reference_unit": "100 Gr",
    "date": "2023-01-17"
  },
  {
    "id": 26948,
    "name": "Ginebra 0,0 TANQUERAY",
    "description": "Ginebra 0,0 0,7 L",
    "category": "Licores y vermouth",
    "url": "https://tienda.consum.es/es/p/ginebra-00/7379204",
    "price": 14.5,
    "reference_price": 20.71,
    "iva": 21,
    "reference_unit": "1 L",
    "date": "2023-01-17"
  },
  {
    "id": 26950,
    "name": "Zumo de Frutas y Leche Tropical Natural s/Azúcar BIFRUTAS",
    "description": "Zumo de Frutas y Leche Tropical Natural s/Azúcar 240 ml",
    "category": "Zumos con leche",
    "url": "https://tienda.consum.es/es/p/zumo-de-frutas-y-leche-tropical-natural-s/azucar/7379407",
    "price": 0.89,
    "reference_price": 3.71,
    "iva": 10,
    "reference_unit": "1 L",
    "date": "2023-01-17"
  },
  {
    "id": 26951,
    "name": "Zumo de Frutas y Leche Mediter.Natural s/Azúcar BIFRUTAS",
    "description": "Zumo de Frutas y Leche Mediter.Natural s/Azúcar 240 ml",
    "category": "Zumos con leche",
    "url": "https://tienda.consum.es/es/p/zumo-de-frutas-y-leche-mediternatural-s/azucar/7379410",
    "price": 0.89,
    "reference_price": 3.71,
    "iva": 10,
    "reference_unit": "1 L",
    "date": "2023-01-17"
  },
  {
    "id": 26952,
    "name": "Galleta Mini Oreo Golden LU",
    "description": "Galleta Mini Oreo Golden 160 Gr",
    "category": "Galletas de chocolate",
    "url": "https://tienda.consum.es/es/p/galleta-mini-oreo-golden/7379436",
    "price": 1.95,
    "reference_price": 12.19,
    "iva": 10,
    "reference_unit": "1 Kg",
    "date": "2023-01-17"
  },
  {
    "id": 26957,
    "name": "Laca Uñas Gel Effect 21 Rojo GIO GIOVANNI",
    "description": "Laca Uñas Gel Effect 21 Rojo 12 ml",
    "category": "Uñas",
    "url": "https://tienda.consum.es/es/p/laca-unas-gel-effect-21-rojo/7379654",
    "price": 1.85,
    "reference_price": 1.85,
    "iva": 21,
    "reference_unit": "1 U",
    "date": "2023-01-17"
  },
  {
    "id": 26960,
    "name": "Bebida Isotónica Melón Manía REIGN",
    "description": "Bebida Isotónica Melón Manía 0,5 L",
    "category": "Isotónicas botella",
    "url": "https://tienda.consum.es/es/p/bebida-isotonica-melon-mania/7379704",
    "price": 1.99,
    "reference_price": 3.98,
    "iva": 21,
    "reference_unit": "1 L",
    "date": "2023-01-17"
  },
  {
    "id": 26963,
    "name": "Judía Plana Bandeja ",
    "description": "Judía Plana Bandeja 750 Gr",
    "category": "Guisantes, habas y judías",
    "url": "https://tienda.consum.es/es/p/judia-plana-bandeja/7380009",
    "price": 3.26,
    "reference_price": 4.35,
    "iva": 0,
    "reference_unit": "1 Kg",
    "date": "2023-01-17"
  },
  {
    "id": 26965,
    "name": "Bastoncillos Infantiles 100 % Algodón CONSUM KIDS",
    "description": "Bastoncillos Infantiles 100 % Algodón 60 U",
    "category": "Complementos higiene",
    "url": "https://tienda.consum.es/es/p/bastoncillos-infantiles-100-algodon/7368343",
    "price": 0.99,
    "reference_price": 0.02,
    "iva": 21,
    "reference_unit": "1 U",
    "date": "2023-01-17"
  },
  {
    "id": 26973,
    "name": "Bebida Avena con Café Vaso LA VEVIDA",
    "description": "Bebida Avena con Café Vaso 230 ml",
    "category": "Batidos y cafés",
    "url": "https://tienda.consum.es/es/p/bebida-avena-con-cafe-vaso/7377179",
    "price": 1.16,
    "reference_price": 5.04,
    "iva": 10,
    "reference_unit": "1 L",
    "date": "2023-01-17"
  },
  {
    "id": 26974,
    "name": "Bolsa Emperador congelado MAREMUNDI",
    "description": "Bolsa Emperador congelado 600 Gr",
    "category": "Pescados y mariscos",
    "url": "https://tienda.consum.es/es/p/bolsa-emperador-congelado/7377398",
    "price": 7.99,
    "reference_price": 13.32,
    "iva": 10,
    "reference_unit": "1 Kg",
    "date": "2023-01-17"
  },
  {
    "id": 26983,
    "name": "Maíz Bío Pack de 2 BONDUELLE",
    "description": "Maíz Bío Pack de 2 2 x 140 Gr",
    "category": "Maíz",
    "url": "https://tienda.consum.es/es/p/maiz-bio-pack-de-2/7378698",
    "price": 2.69,
    "reference_price": 9.61,
    "iva": 10,
    "reference_unit": "1 Kg",
    "date": "2023-01-17"
  },
  {
    "id": 26984,
    "name": "Brotes de Judía Mungo Pack de 3 Lata BONDUELLE",
    "description": "Brotes de Judía Mungo Pack de 3 Lata 3 x 90 Gr",
    "category": "Otros vegetales",
    "url": "https://tienda.consum.es/es/p/brotes-de-judia-mungo-pack-de-3-lata/7378706",
    "price": 3.09,
    "reference_price": 11.44,
    "iva": 10,
    "reference_unit": "1 Kg",
    "date": "2023-01-17"
  },
  {
    "id": 26985,
    "name": "Maíz Dulce Pack de 3 Lata BONDUELLE",
    "description": "Maíz Dulce Pack de 3 Lata 3 x 140 Gr",
    "category": "Maíz",
    "url": "https://tienda.consum.es/es/p/maiz-dulce-pack-de-3-lata/7378719",
    "price": 2.99,
    "reference_price": 7.12,
    "iva": 10,
    "reference_unit": "1 Kg",
    "date": "2023-01-17"
  },
  {
    "id": 26987,
    "name": "Body Spray Citronela LAISEVEN",
    "description": "Body Spray Citronela 150 ml",
    "category": "Femeninas",
    "url": "https://tienda.consum.es/es/p/body-spray-citronela/7379014",
    "price": 1.95,
    "reference_price": 1.3,
    "iva": 21,
    "reference_unit": "100 ml",
    "date": "2023-01-17"
  },
  {
    "id": 26988,
    "name": "Redondo Pollo con Bacon CARLOTEÑA",
    "description": "Redondo Pollo con Bacon 250 Gr",
    "category": "Fiambres ave",
    "url": "https://tienda.consum.es/es/p/redondo-pollo-con-bacon/7379043",
    "price": 2.99,
    "reference_price": 11.96,
    "iva": 10,
    "reference_unit": "1 Kg",
    "date": "2023-01-17"
  },
  {
    "id": 26989,
    "name": "Donettes Clásicos 8 Unidades DONUTS",
    "description": "Donettes Clásicos 8 Unidades 152 Gr",
    "category": "Bollería industrial",
    "url": "https://tienda.consum.es/es/p/donettes-clasicos-8-unidades/7379159",
    "price": 2.5,
    "reference_price": 16.45,
    "iva": 10,
    "reference_unit": "1 Kg",
    "date": "2023-01-17"
  },
  {
    "id": 26990,
    "name": "Donettes Rayados 8 Unidades DONUTS",
    "description": "Donettes Rayados 8 Unidades 176 Gr",
    "category": "Bollería industrial",
    "url": "https://tienda.consum.es/es/p/donettes-rayados-8-unidades/7379167",
    "price": 2.5,
    "reference_price": 14.2,
    "iva": 10,
    "reference_unit": "1 Kg",
    "date": "2023-01-17"
  },
  {
    "id": 27001,
    "name": "Brownies de Chocolate 90 Calorías FIBRE ONE",
    "description": "Brownies de Chocolate 90 Calorías 150 Gr",
    "category": "Barritas ",
    "url": "https://tienda.consum.es/es/p/brownies-de-chocolate-90-calorias/7379691",
    "price": 2.99,
    "reference_price": 19.93,
    "iva": 10,
    "reference_unit": "1 Kg",
    "date": "2023-01-17"
  },
  {
    "id": 27002,
    "name": "Barrita Cereales Crunchy Avena y Miel Pack 5 NAT.VALLEY",
    "description": "Barrita Cereales Crunchy Avena y Miel Pack 5 210 Gr",
    "category": "Barritas ",
    "url": "https://tienda.consum.es/es/p/barrita-cereales-crunchy-avena-y-miel-pack-5/7379725",
    "price": 2.49,
    "reference_price": 11.86,
    "iva": 10,
    "reference_unit": "1 Kg",
    "date": "2023-01-17"
  },
  {
    "id": 27003,
    "name": "Barrita Cereales Crunchy Avena y Choco Negro P.5 NAT.VALLEY",
    "description": "Barrita Cereales Crunchy Avena y Choco Negro P.5 210 Gr",
    "category": "Barritas ",
    "url": "https://tienda.consum.es/es/p/barrita-cereales-crunchy-avena-y-choco-negro-p5/7379733",
    "price": 2.49,
    "reference_price": 11.86,
    "iva": 10,
    "reference_unit": "1 Kg",
    "date": "2023-01-17"
  },
  {
    "id": 27004,
    "name": "Barrita Cereales Protein Cacahuete y Chocolate NAT.VALLEY",
    "description": "Barrita Cereales Protein Cacahuete y Chocolate 160 Gr",
    "category": "Barritas ",
    "url": "https://tienda.consum.es/es/p/barrita-cereales-protein-cacahuete-y-chocolate/7379738",
    "price": 3.49,
    "reference_price": 21.81,
    "iva": 10,
    "reference_unit": "1 Kg",
    "date": "2023-01-17"
  },
  {
    "id": 27007,
    "name": "Queso Cremoso Lonchas ASTURIANA",
    "description": "Queso Cremoso Lonchas 250 Gr",
    "category": "Barra y otros nacionales",
    "url": "https://tienda.consum.es/es/p/queso-cremoso-lonchas/7379761",
    "price": 2.88,
    "reference_price": 11.52,
    "iva": 0,
    "reference_unit": "1 Kg",
    "date": "2023-01-17"
  },
  {
    "id": 27008,
    "name": "Portaembutido Fresh Mini TATAY",
    "description": "Portaembutido Fresh Mini 1 U",
    "category": "Conservación alimentos",
    "url": "https://tienda.consum.es/es/p/portaembutido-fresh-mini/7379881",
    "price": 2.59,
    "reference_price": 2.59,
    "iva": 21,
    "reference_unit": "1 U",
    "date": "2023-01-17"
  },
  {
    "id": 27009,
    "name": "Portaembutido Fresh Quesera TATAY",
    "description": "Portaembutido Fresh Quesera 1 U",
    "category": "Conservación alimentos",
    "url": "https://tienda.consum.es/es/p/portaembutido-fresh-quesera/7379886",
    "price": 2.99,
    "reference_price": 2.99,
    "iva": 21,
    "reference_unit": "1 U",
    "date": "2023-01-17"
  },
  {
    "id": 27010,
    "name": "Portaembutido Fresh Maxi TATAY",
    "description": "Portaembutido Fresh Maxi 1 U",
    "category": "Conservación alimentos",
    "url": "https://tienda.consum.es/es/p/portaembutido-fresh-maxi/7379902",
    "price": 3.99,
    "reference_price": 3.99,
    "iva": 21,
    "reference_unit": "1 U",
    "date": "2023-01-17"
  },
  {
    "id": 27012,
    "name": "Mayonesa Original Bote CHOVI",
    "description": "Mayonesa Original Bote 820 ml",
    "category": "Mayonesa",
    "url": "https://tienda.consum.es/es/p/mayonesa-original-bote/7380004",
    "price": 4.39,
    "reference_price": 5.35,
    "iva": 10,
    "reference_unit": "1 L",
    "date": "2023-01-17"
  },
  {
    "id": 27015,
    "name": "Lentejas Peladas Bolsa Doypack LUENGO",
    "description": "Lentejas Peladas Bolsa Doypack 400 Gr",
    "category": "Legumbres secas",
    "url": "https://tienda.consum.es/es/p/lentejas-peladas-bolsa-doypack/7380025",
    "price": 1.91,
    "reference_price": 4.78,
    "iva": 0,
    "reference_unit": "1 Kg",
    "date": "2023-01-17"
  },
  {
    "id": 27022,
    "name": "Crema de Vinagre Pedro Ximénez CONSUM",
    "description": "Crema de Vinagre Pedro Ximénez 250 ml",
    "category": "Vinagre",
    "url": "https://tienda.consum.es/es/p/crema-de-vinagre-pedro-ximenez/7366466",
    "price": 2.15,
    "reference_price": 8.6,
    "iva": 10,
    "reference_unit": "1 L",
    "date": "2023-01-17"
  },
  {
    "id": 27023,
    "name": "Crema de Vinagre Módena CONSUM",
    "description": "Crema de Vinagre Módena 250 ml",
    "category": "Vinagre",
    "url": "https://tienda.consum.es/es/p/crema-de-vinagre-modena/7366474",
    "price": 1.6,
    "reference_price": 6.4,
    "iva": 10,
    "reference_unit": "1 L",
    "date": "2023-01-17"
  },
  {
    "id": 27024,
    "name": "Cacahuete Repelado Frito Paquete CONSUM",
    "description": "Cacahuete Repelado Frito Paquete 250 Gr",
    "category": "Cacahuetes",
    "url": "https://tienda.consum.es/es/p/cacahuete-repelado-frito-paquete/7367022",
    "price": 1.05,
    "reference_price": 4.2,
    "iva": 10,
    "reference_unit": "1 Kg",
    "date": "2023-01-17"
  },
  {
    "id": 27026,
    "name": "Toallitas Manos Limpias DODOT",
    "description": "Toallitas Manos Limpias 40 U",
    "category": "Toallitas",
    "url": "https://tienda.consum.es/es/p/toallitas-manos-limpias/7377547",
    "price": 1.99,
    "reference_price": 0.05,
    "iva": 21,
    "reference_unit": "1 U",
    "date": "2023-01-17"
  },
  {
    "id": 27030,
    "name": "Guisantes Tiernos y Finos sin Azúcares Añadidos BONDUELLE",
    "description": "Guisantes Tiernos y Finos sin Azúcares Añadidos 3 x 140 Gr",
    "category": "Guisantes",
    "url": "https://tienda.consum.es/es/p/guisantes-tiernos-y-finos-sin-azucares-anadidos/7380061",
    "price": 3.09,
    "reference_price": 7.36,
    "iva": 10,
    "reference_unit": "1 Kg",
    "date": "2023-01-17"
  },
  {
    "id": 27032,
    "name": "Tratamiento Alisado sin Plancha KATIVA",
    "description": "Tratamiento Alisado sin Plancha 1 U",
    "category": "Específico",
    "url": "https://tienda.consum.es/es/p/tratamiento-alisado-sin-plancha/7380095",
    "price": 10.99,
    "reference_price": 10.99,
    "iva": 21,
    "reference_unit": "1 U",
    "date": "2023-01-17"
  },
  {
    "id": 27034,
    "name": "Comida Gato Lata Revelations Pollo Pack 4 GOURMET",
    "description": "Comida Gato Lata Revelations Pollo Pack 4 4 x 57 Gr",
    "category": "Húmedo",
    "url": "https://tienda.consum.es/es/p/comida-gato-lata-revelations-pollo-pack-4/7380116",
    "price": 3.3,
    "reference_price": 14.47,
    "iva": 10,
    "reference_unit": "1 Kg",
    "date": "2023-01-17"
  },
  {
    "id": 27035,
    "name": "Pastel de Atún BO DE DEBO",
    "description": "Pastel de Atún 250 Gr",
    "category": "Bocadillos y sándwich listos",
    "url": "https://tienda.consum.es/es/p/pastel-de-atun/7380152",
    "price": 2.99,
    "reference_price": 11.96,
    "iva": 10,
    "reference_unit": "1 Kg",
    "date": "2023-01-17"
  },
  {
    "id": 27037,
    "name": "Colgador WC Gel Brillant Océano Ártico BREF",
    "description": "Colgador WC Gel Brillant Océano Ártico 1 U",
    "category": "Limpieza baños",
    "url": "https://tienda.consum.es/es/p/colgador-wc-gel-brillant-oceano-artico/7380210",
    "price": 2.15,
    "reference_price": 2.15,
    "iva": 21,
    "reference_unit": "1 U",
    "date": "2023-01-17"
  },
  {
    "id": 27038,
    "name": "Agua Mineral Natural Botella EVIAN",
    "description": "Agua Mineral Natural Botella 1,5 L",
    "category": "Agua sin gas : botella",
    "url": "https://tienda.consum.es/es/p/agua-mineral-natural-botella/7380223",
    "price": 2.19,
    "reference_price": 1.46,
    "iva": 10,
    "reference_unit": "1 L",
    "date": "2023-01-17"
  },
  {
    "id": 27039,
    "name": "Galleta Rellena de Crema NUTELLA",
    "description": "Galleta Rellena de Crema 304 Gr",
    "category": "Galletas de chocolate",
    "url": "https://tienda.consum.es/es/p/galleta-rellena-de-crema/7380244",
    "price": 3.79,
    "reference_price": 12.47,
    "iva": 10,
    "reference_unit": "1 Kg",
    "date": "2023-01-17"
  },
  {
    "id": 27042,
    "name": "Lacasitos con Licencia Tubo LACASA",
    "description": "Lacasitos con Licencia Tubo 20 Gr",
    "category": "Chocolatinas y bombones",
    "url": "https://tienda.consum.es/es/p/lacasitos-con-licencia-tubo/7380561",
    "price": 2.29,
    "reference_price": 11.45,
    "iva": 10,
    "reference_unit": "100 Gr",
    "date": "2023-01-17"
  },
  {
    "id": 27043,
    "name": "Mini con Nueces 9% y Calabaza 6% 2 Und. ",
    "description": "Mini con Nueces 9% y Calabaza 6% 2 Und. 200 Gr",
    "category": "Pan de horno",
    "url": "https://tienda.consum.es/es/p/mini-con-nueces-9-y-calabaza-6-2-und/7380637",
    "price": 1.49,
    "reference_price": 7.45,
    "iva": 10,
    "reference_unit": "1 Kg",
    "date": "2023-01-17"
  },
  {
    "id": 27045,
    "name": "Aireador de Vino PULLTEX",
    "description": "Aireador de Vino 1 U",
    "category": "Menaje cocina",
    "url": "https://tienda.consum.es/es/p/aireador-de-vino/7380665",
    "price": 4.95,
    "reference_price": 4.95,
    "iva": 21,
    "reference_unit": "1 U",
    "date": "2023-01-17"
  },
  {
    "id": 27046,
    "name": "Tapón de Silicona Cava o Champagne PULLTEX",
    "description": "Tapón de Silicona Cava o Champagne 1 U",
    "category": "Menaje cocina",
    "url": "https://tienda.consum.es/es/p/tapon-de-silicona-cava-o-champagne/7380678",
    "price": 3.19,
    "reference_price": 3.19,
    "iva": 21,
    "reference_unit": "1 U",
    "date": "2023-01-17"
  },
  {
    "id": 27074,
    "name": "Desodorante Roll On Talco Mujer KYREY",
    "description": "Desodorante Roll On Talco Mujer 50 ml",
    "category": "Spray",
    "url": "https://tienda.consum.es/es/p/desodorante-roll-on-talco-mujer/7345932",
    "price": 0.99,
    "reference_price": 1.98,
    "iva": 21,
    "reference_unit": "100 ml",
    "date": "2023-01-17"
  },
  {
    "id": 27075,
    "name": "Desodorante Spray Excess KYREY",
    "description": "Desodorante Spray Excess 200 ml",
    "category": "Spray",
    "url": "https://tienda.consum.es/es/p/desodorante-spray-excess/7345999",
    "price": 1.99,
    "reference_price": 1,
    "iva": 21,
    "reference_unit": "100 ml",
    "date": "2023-01-17"
  },
  {
    "id": 27076,
    "name": "Desodorante Wild KYREY",
    "description": "Desodorante Wild 200 ml",
    "category": "Spray",
    "url": "https://tienda.consum.es/es/p/desodorante-wild/7346000",
    "price": 1.99,
    "reference_price": 1,
    "iva": 21,
    "reference_unit": "100 ml",
    "date": "2023-01-17"
  },
  {
    "id": 27077,
    "name": "Desodorante Gold KYREY",
    "description": "Desodorante Gold 200 ml",
    "category": "Spray",
    "url": "https://tienda.consum.es/es/p/desodorante-gold/7346013",
    "price": 1.99,
    "reference_price": 1,
    "iva": 21,
    "reference_unit": "100 ml",
    "date": "2023-01-17"
  },
  {
    "id": 27087,
    "name": "Bebida Energética Paradise MONSTER",
    "description": "Bebida Energética Paradise 0,5 L",
    "category": "Energéticas",
    "url": "https://tienda.consum.es/es/p/bebida-energetica-paradise/7378362",
    "price": 1.58,
    "reference_price": 3.16,
    "iva": 21,
    "reference_unit": "1 L",
    "date": "2023-01-17"
  },
  {
    "id": 27090,
    "name": "Lavavajillas Máquina Gel Todo en 1 Limón SOMAT",
    "description": "Lavavajillas Máquina Gel Todo en 1 Limón 2 x 40 Lv",
    "category": "Lavavajillas a máquina",
    "url": "https://tienda.consum.es/es/p/lavavajillas-maquina-gel-todo-en-1-limon/7378511",
    "price": 9.79,
    "reference_price": 0.12,
    "iva": 21,
    "reference_unit": "1 Lv",
    "date": "2023-01-17"
  },
  {
    "id": 27092,
    "name": "Máquina Depilatoria 5H Intuition WILKINSON",
    "description": "Máquina Depilatoria 5H Intuition 1 U",
    "category": "Maquinillas y recambios",
    "url": "https://tienda.consum.es/es/p/maquina-depilatoria-5h-intuition/7378755",
    "price": 5.39,
    "reference_price": 5.39,
    "iva": 21,
    "reference_unit": "1 U",
    "date": "2023-01-17"
  },
  {
    "id": 27093,
    "name": "Recambio Maquinilla Intuition WILKINSON",
    "description": "Recambio Maquinilla Intuition 4 U",
    "category": "Maquinillas y recambios",
    "url": "https://tienda.consum.es/es/p/recambio-maquinilla-intuition/7378776",
    "price": 9.69,
    "reference_price": 2.42,
    "iva": 21,
    "reference_unit": "1 U",
    "date": "2023-01-17"
  },
  {
    "id": 27099,
    "name": "Pañal Pant T 7 +17 Kg DODOT",
    "description": "Pañal Pant T 7 +17 Kg 23 U",
    "category": "Junior: Talla de 4 a 6",
    "url": "https://tienda.consum.es/es/p/panal-pant-t-7-17-kg/7379147",
    "price": 12.99,
    "reference_price": 0.56,
    "iva": 21,
    "reference_unit": "1 U",
    "date": "2023-01-17"
  },
  {
    "id": 27100,
    "name": "Happyjama Niño de 4 a 7 Años DODOT",
    "description": "Happyjama Niño de 4 a 7 Años 17 U",
    "category": "Braguita noche",
    "url": "https://tienda.consum.es/es/p/happyjama-nino-de-4-a-7-anos/7379154",
    "price": 12.9,
    "reference_price": 0.76,
    "iva": 21,
    "reference_unit": "1 U",
    "date": "2023-01-17"
  },
  {
    "id": 27101,
    "name": "Happyjama Niña de 4 a 7 Años DODOT",
    "description": "Happyjama Niña de 4 a 7 Años 17 U",
    "category": "Braguita noche",
    "url": "https://tienda.consum.es/es/p/happyjama-nina-de-4-a-7-anos/7379162",
    "price": 12.9,
    "reference_price": 0.76,
    "iva": 21,
    "reference_unit": "1 U",
    "date": "2023-01-17"
  },
  {
    "id": 27106,
    "name": "Toallitas Sensitive DODOT",
    "description": "Toallitas Sensitive 216 U",
    "category": "Toallitas",
    "url": "https://tienda.consum.es/es/p/toallitas-sensitive/7379696",
    "price": 9.69,
    "reference_price": 0.04,
    "iva": 21,
    "reference_unit": "1 U",
    "date": "2023-01-17"
  },
  {
    "id": 27114,
    "name": "Cera Suelos Porosos ALEX",
    "description": "Cera Suelos Porosos 0,75 L",
    "category": "Cera suelos",
    "url": "https://tienda.consum.es/es/p/cera-suelos-porosos/7380686",
    "price": 4.49,
    "reference_price": 5.99,
    "iva": 21,
    "reference_unit": "1 L",
    "date": "2023-01-17"
  },
  {
    "id": 27128,
    "name": "Crema de Día SPF 15 Ácido Hialurónico KYREY",
    "description": "Crema de Día SPF 15 Ácido Hialurónico 50 ml",
    "category": "Hidratación",
    "url": "https://tienda.consum.es/es/p/crema-de-dia-spf-15-acido-hialuronico/7380798",
    "price": 5.99,
    "reference_price": 11.98,
    "iva": 21,
    "reference_unit": "100 ml",
    "date": "2023-01-17"
  },
  {
    "id": 27129,
    "name": "Crema de Noche Ácido Hialurónico KYREY",
    "description": "Crema de Noche Ácido Hialurónico 50 ml",
    "category": "Hidratación",
    "url": "https://tienda.consum.es/es/p/crema-de-noche-acido-hialuronico/7380801",
    "price": 5.99,
    "reference_price": 11.98,
    "iva": 21,
    "reference_unit": "100 ml",
    "date": "2023-01-17"
  },
  {
    "id": 27130,
    "name": "Rellenador Intensivo Ojos Ácido Hialurónico KYREY",
    "description": "Rellenador Intensivo Ojos Ácido Hialurónico 15 ml",
    "category": "Hidratación",
    "url": "https://tienda.consum.es/es/p/rellenador-intensivo-ojos-acido-hialuronico/7380806",
    "price": 4.95,
    "reference_price": 33,
    "iva": 21,
    "reference_unit": "100 ml",
    "date": "2023-01-17"
  },
  {
    "id": 27131,
    "name": "Sérum Concentrado Ácido Hialurónico KYREY",
    "description": "Sérum Concentrado Ácido Hialurónico 30 ml",
    "category": "Tratamiento",
    "url": "https://tienda.consum.es/es/p/serum-concentrado-acido-hialuronico/7380819",
    "price": 5.99,
    "reference_price": 19.97,
    "iva": 21,
    "reference_unit": "100 ml",
    "date": "2023-01-17"
  },
  {
    "id": 27138,
    "name": "Comida Seca Perro Adulto Rico en Buey VITALITY",
    "description": "Comida Seca Perro Adulto Rico en Buey 15 Kg",
    "category": "Seco",
    "url": "https://tienda.consum.es/es/p/comida-seca-perro-adulto-rico-en-buey/7363245",
    "price": 13.45,
    "reference_price": 0.9,
    "iva": 10,
    "reference_unit": "1 Kg",
    "date": "2023-01-17"
  },
  {
    "id": 27139,
    "name": "Comida Seca Perro Adulto Menú Mediterráne VITALITY",
    "description": "Comida Seca Perro Adulto Menú Mediterráne 7 Kg",
    "category": "Seco",
    "url": "https://tienda.consum.es/es/p/comida-seca-perro-adulto-menu-mediterrane/7363257",
    "price": 11.5,
    "reference_price": 1.64,
    "iva": 10,
    "reference_unit": "1 Kg",
    "date": "2023-01-17"
  },
  {
    "id": 27140,
    "name": "Gelatina Proteína 00% Sabor Frutos Rojos CONSUM",
    "description": "Gelatina Proteína 00% Sabor Frutos Rojos 4 x 100 Gr",
    "category": "Gelatina",
    "url": "https://tienda.consum.es/es/p/gelatina-proteina-00-sabor-frutos-rojos/7368926",
    "price": 1.25,
    "reference_price": 3.13,
    "iva": 10,
    "reference_unit": "1 Kg",
    "date": "2023-01-17"
  },
  {
    "id": 27141,
    "name": "Flan Vainilla 00% Pack de 4 Unidades CONSUM",
    "description": "Flan Vainilla 00% Pack de 4 Unidades 4 x 100 Gr",
    "category": "Flanes",
    "url": "https://tienda.consum.es/es/p/flan-vainilla-00-pack-de-4-unidades/7369168",
    "price": 1.15,
    "reference_price": 2.88,
    "iva": 10,
    "reference_unit": "1 Kg",
    "date": "2023-01-17"
  },
  {
    "id": 27142,
    "name": "Yogur Natural Pack 2 Unidades CONSUM",
    "description": "Yogur Natural Pack 2 Unidades 2 x 125 Gr",
    "category": "Cremosos y enriquecidos",
    "url": "https://tienda.consum.es/es/p/yogur-natural-pack-2-unidades/7371029",
    "price": 0.95,
    "reference_price": 3.8,
    "iva": 10,
    "reference_unit": "1 Kg",
    "date": "2023-01-17"
  },
  {
    "id": 27143,
    "name": "Yogur Natural Azucarado CONSUM",
    "description": "Yogur Natural Azucarado 2 x 125 Gr",
    "category": "Cremosos y enriquecidos",
    "url": "https://tienda.consum.es/es/p/yogur-natural-azucarado/7371032",
    "price": 0.95,
    "reference_price": 3.8,
    "iva": 10,
    "reference_unit": "1 Kg",
    "date": "2023-01-17"
  },
  {
    "id": 27144,
    "name": "Yogur con Fresa Pack 2 Unidades CONSUM",
    "description": "Yogur con Fresa Pack 2 Unidades 2 x 125 Gr",
    "category": "Cremosos y enriquecidos",
    "url": "https://tienda.consum.es/es/p/yogur-con-fresa-pack-2-unidades/7371037",
    "price": 1.05,
    "reference_price": 4.2,
    "iva": 10,
    "reference_unit": "1 Kg",
    "date": "2023-01-17"
  },
  {
    "id": 27145,
    "name": "Yogur con Melocotón Pack 2 Unidad CONSUM",
    "description": "Yogur con Melocotón Pack 2 Unidad 2 x 125 Gr",
    "category": "Cremosos y enriquecidos",
    "url": "https://tienda.consum.es/es/p/yogur-con-melocoton-pack-2-unidad/7371040",
    "price": 1.05,
    "reference_price": 4.2,
    "iva": 10,
    "reference_unit": "1 Kg",
    "date": "2023-01-17"
  },
  {
    "id": 27147,
    "name": "Bao de Pato con Salsa Hoisin congelado ITSU",
    "description": "Bao de Pato con Salsa Hoisin congelado 180 Gr",
    "category": "Asiático",
    "url": "https://tienda.consum.es/es/p/bao-de-pato-con-salsa-hoisin-congelado/7376163",
    "price": 4.39,
    "reference_price": 24.39,
    "iva": 10,
    "reference_unit": "1 Kg",
    "date": "2023-01-17"
  },
  {
    "id": 27150,
    "name": "Toallitas Desmaquillantes Piel Seca y Sensible NIVEA",
    "description": "Toallitas Desmaquillantes Piel Seca y Sensible 40 U",
    "category": "Limpieza y desmaquilladores",
    "url": "https://tienda.consum.es/es/p/toallitas-desmaquillantes-piel-seca-y-sensible/7377187",
    "price": 2.15,
    "reference_price": 0.05,
    "iva": 21,
    "reference_unit": "1 U",
    "date": "2023-01-17"
  },
  {
    "id": 27151,
    "name": "Maquinilla Desechable Blue 3 Smooth GILLETTE",
    "description": "Maquinilla Desechable Blue 3 Smooth 8 U",
    "category": "Maquinillas de afeitar",
    "url": "https://tienda.consum.es/es/p/maquinilla-desechable-blue-3-smooth/7377513",
    "price": 8.19,
    "reference_price": 1.02,
    "iva": 21,
    "reference_unit": "1 U",
    "date": "2023-01-17"
  },
  {
    "id": 27158,
    "name": "Tortita Arroz Integral con Chocolate Negro BICENTURY",
    "description": "Tortita Arroz Integral con Chocolate Negro 130 Gr",
    "category": "Tortitas",
    "url": "https://tienda.consum.es/es/p/tortita-arroz-integral-con-chocolate-negro/7378680",
    "price": 1.99,
    "reference_price": 15.31,
    "iva": 10,
    "reference_unit": "1 Kg",
    "date": "2023-01-17"
  },
  {
    "id": 27164,
    "name": "Porción Cake Lotus Biscoff ",
    "description": "Porción Cake Lotus Biscoff 70 Gr",
    "category": "Tartas ",
    "url": "https://tienda.consum.es/es/p/porcion-cake-lotus-biscoff/7379824",
    "price": 2.25,
    "reference_price": 32.14,
    "iva": 10,
    "reference_unit": "1 Kg",
    "date": "2023-01-17"
  },
  {
    "id": 27165,
    "name": "Refresco Cola Light Botella PEPSI-COLA",
    "description": "Refresco Cola Light Botella 1,75 L",
    "category": "Cola",
    "url": "https://tienda.consum.es/es/p/refresco-cola-light-botella/7380124",
    "price": 1.6,
    "reference_price": 0.91,
    "iva": 21,
    "reference_unit": "1 L",
    "date": "2023-01-17"
  },
  {
    "id": 27167,
    "name": "Serum Luminous 630 Antimanchas NIVEA",
    "description": "Serum Luminous 630 Antimanchas 30 ml",
    "category": "Tratamiento",
    "url": "https://tienda.consum.es/es/p/serum-luminous-630-antimanchas/7380137",
    "price": 22.69,
    "reference_price": 75.63,
    "iva": 21,
    "reference_unit": "100 ml",
    "date": "2023-01-17"
  },
  {
    "id": 27168,
    "name": "Crema Día Luminous 630 Antimanchas SPF 50 NIVEA",
    "description": "Crema Día Luminous 630 Antimanchas SPF 50 40 ml",
    "category": "Hidratación",
    "url": "https://tienda.consum.es/es/p/crema-dia-luminous-630-antimanchas-spf-50/7380140",
    "price": 22.69,
    "reference_price": 56.73,
    "iva": 21,
    "reference_unit": "100 ml",
    "date": "2023-01-17"
  },
  {
    "id": 27169,
    "name": "Champú Hair Food Sandía FRUCTIS",
    "description": "Champú Hair Food Sandía 350 ml",
    "category": "Champú",
    "url": "https://tienda.consum.es/es/p/champu-hair-food-sandia/7380228",
    "price": 4.95,
    "reference_price": 1.41,
    "iva": 21,
    "reference_unit": "100 ml",
    "date": "2023-01-17"
  },
  {
    "id": 27170,
    "name": "Solomillos Empanados ",
    "description": "Solomillos Empanados",
    "category": "Otros elaborados",
    "url": "https://tienda.consum.es/es/p/solomillos-empanados/7380236",
    "price": 9.89,
    "reference_price": 9.89,
    "iva": 10,
    "reference_unit": "1 Kg",
    "date": "2023-01-17"
  },
  {
    "id": 27204,
    "name": "Gel Champú Infantil SUPERTHINGS",
    "description": "Gel Champú Infantil 475 ml",
    "category": "Estuches",
    "url": "https://tienda.consum.es/es/p/gel-champu-infantil/7380868",
    "price": 2.45,
    "reference_price": 0.52,
    "iva": 21,
    "reference_unit": "100 ml",
    "date": "2023-01-17"
  },
  {
    "id": 27205,
    "name": "Quitaesmalte sin Acetona CUTEX",
    "description": "Quitaesmalte sin Acetona 100 ml",
    "category": "Uñas",
    "url": "https://tienda.consum.es/es/p/quitaesmalte-sin-acetona/7380988",
    "price": 3.29,
    "reference_price": 3.29,
    "iva": 21,
    "reference_unit": "100 ml",
    "date": "2023-01-17"
  },
  {
    "id": 27214,
    "name": "Detergente Líquido Prendas Delicadas CONSUM",
    "description": "Detergente Líquido Prendas Delicadas 50 Lv",
    "category": "Prendas delicadas",
    "url": "https://tienda.consum.es/es/p/detergente-liquido-prendas-delicadas/7351161",
    "price": 2.95,
    "reference_price": 0.06,
    "iva": 21,
    "reference_unit": "1 Lv",
    "date": "2023-01-17"
  },
  {
    "id": 27215,
    "name": "Gel Coco Vainilla KYREY",
    "description": "Gel Coco Vainilla 500 ml",
    "category": "Gel de baño",
    "url": "https://tienda.consum.es/es/p/gel-coco-vainilla/7363948",
    "price": 1.45,
    "reference_price": 0.29,
    "iva": 21,
    "reference_unit": "100 ml",
    "date": "2023-01-17"
  },
  {
    "id": 27216,
    "name": "Gel Baño Argán KYREY",
    "description": "Gel Baño Argán 500 ml",
    "category": "Gel de baño",
    "url": "https://tienda.consum.es/es/p/gel-bano-argan/7363955",
    "price": 1.4,
    "reference_price": 0.28,
    "iva": 21,
    "reference_unit": "100 ml",
    "date": "2023-01-17"
  },
  {
    "id": 27219,
    "name": "Postre de Soja con Arándanos ALPRO",
    "description": "Postre de Soja con Arándanos 500 Gr",
    "category": "Soja",
    "url": "https://tienda.consum.es/es/p/postre-de-soja-con-arandanos/7378011",
    "price": 2.59,
    "reference_price": 5.18,
    "iva": 10,
    "reference_unit": "1 Kg",
    "date": "2023-01-17"
  },
  {
    "id": 27220,
    "name": "Refresco Cola Max Bipack Indivisible PEPSI-COLA",
    "description": "Refresco Cola Max Bipack Indivisible 2 x 1,75 L",
    "category": "Cola",
    "url": "https://tienda.consum.es/es/p/refresco-cola-max-bipack-indivisible/7378367",
    "price": 2.84,
    "reference_price": 0.81,
    "iva": 21,
    "reference_unit": "1 L",
    "date": "2023-01-17"
  },
  {
    "id": 27221,
    "name": "Refresco de Cola Bipack Indivisible PEPSI-COLA",
    "description": "Refresco de Cola Bipack Indivisible 2 x 1,75 L",
    "category": "Cola",
    "url": "https://tienda.consum.es/es/p/refresco-de-cola-bipack-indivisible/7378370",
    "price": 2.84,
    "reference_price": 0.81,
    "iva": 21,
    "reference_unit": "1 L",
    "date": "2023-01-17"
  },
  {
    "id": 27226,
    "name": "Crema Curly Define Rizos NELLY",
    "description": "Crema Curly Define Rizos 150 ml",
    "category": "Gel y cera",
    "url": "https://tienda.consum.es/es/p/crema-curly-define-rizos/7380207",
    "price": 3.99,
    "reference_price": 2.66,
    "iva": 21,
    "reference_unit": "100 ml",
    "date": "2023-01-17"
  },
  {
    "id": 27230,
    "name": "Cuchillo Jamonero 28 cm BERGNER",
    "description": "Cuchillo Jamonero 28 cm 1 U",
    "category": "Menaje cocina",
    "url": "https://tienda.consum.es/es/p/cuchillo-jamonero-28-cm/7380707",
    "price": 5.19,
    "reference_price": 5.19,
    "iva": 21,
    "reference_unit": "1 U",
    "date": "2023-01-17"
  },
  {
    "id": 27231,
    "name": "Salchicha Picante Bockwurst PICKEN",
    "description": "Salchicha Picante Bockwurst 170 Gr",
    "category": "Salchichas",
    "url": "https://tienda.consum.es/es/p/salchicha-picante-bockwurst/7380848",
    "price": 2.75,
    "reference_price": 16.18,
    "iva": 10,
    "reference_unit": "1 Kg",
    "date": "2023-01-17"
  },
  {
    "id": 27232,
    "name": "Medallón Mousse de Pato LA CUINA",
    "description": "Medallón Mousse de Pato 90 Gr",
    "category": "Foie y patés ",
    "url": "https://tienda.consum.es/es/p/medallon-mousse-de-pato/7380850",
    "price": 2.19,
    "reference_price": 24.33,
    "iva": 10,
    "reference_unit": "1 Kg",
    "date": "2023-01-17"
  },
  {
    "id": 27233,
    "name": "Patatas Fritas Burguer Bolsa VIDAL",
    "description": "Patatas Fritas Burguer Bolsa 95 Gr",
    "category": "Patatas fritas",
    "url": "https://tienda.consum.es/es/p/patatas-fritas-burguer-bolsa/7380855",
    "price": 1.45,
    "reference_price": 15.26,
    "iva": 10,
    "reference_unit": "1 Kg",
    "date": "2023-01-17"
  },
  {
    "id": 27234,
    "name": "Crema Noche Retinol 24 Hidrata Suaviza Ilumina OLAY",
    "description": "Crema Noche Retinol 24 Hidrata Suaviza Ilumina 50 ml",
    "category": "Hidratación",
    "url": "https://tienda.consum.es/es/p/crema-noche-retinol-24-hidrata-suaviza-ilumina/7380967",
    "price": 29.9,
    "reference_price": 59.8,
    "iva": 21,
    "reference_unit": "100 ml",
    "date": "2023-01-17"
  },
  {
    "id": 27238,
    "name": "Profiláctico Invisible Extra Lubricado DUREX",
    "description": "Profiláctico Invisible Extra Lubricado 12 U",
    "category": "Preservativos",
    "url": "https://tienda.consum.es/es/p/profilactico-invisible-extra-lubricado/7381028",
    "price": 12.28,
    "reference_price": 1.02,
    "iva": 4,
    "reference_unit": "1 U",
    "date": "2023-01-17"
  },
  {
    "id": 27239,
    "name": "Leche Fresca Semidesnatada PULEVA",
    "description": "Leche Fresca Semidesnatada 1 L",
    "category": "Leche fresca",
    "url": "https://tienda.consum.es/es/p/leche-fresca-semidesnatada/7381064",
    "price": 1.43,
    "reference_price": 1.43,
    "iva": 0,
    "reference_unit": "1 L",
    "date": "2023-01-17"
  },
  {
    "id": 27241,
    "name": "Vino Rosado Aguja Espumoso SANDARA",
    "description": "Vino Rosado Aguja Espumoso 250 ml",
    "category": "Vinos de aguja",
    "url": "https://tienda.consum.es/es/p/vino-rosado-aguja-espumoso/7381254",
    "price": 1.85,
    "reference_price": 7.4,
    "iva": 21,
    "reference_unit": "1 L",
    "date": "2023-01-17"
  },
  {
    "id": 27261,
    "name": "Vino Blanco D.O. Cataluña FREIXENET",
    "description": "Vino Blanco D.O. Cataluña 0,75 L",
    "category": "Vinos d.o",
    "url": "https://tienda.consum.es/es/p/vino-blanco-do-cataluna/7381457",
    "price": 5.39,
    "reference_price": 7.19,
    "iva": 21,
    "reference_unit": "1 L",
    "date": "2023-01-17"
  },
  {
    "id": 27263,
    "name": "Gel-Champú Refrescante H&S",
    "description": "Gel-Champú Refrescante 300 ml",
    "category": "Champú",
    "url": "https://tienda.consum.es/es/p/gel-champu-refrescante/7381585",
    "price": 3.99,
    "reference_price": 1.33,
    "iva": 21,
    "reference_unit": "100 ml",
    "date": "2023-01-17"
  },
  {
    "id": 27264,
    "name": "Vino Tinto MUCHO MAS",
    "description": "Vino Tinto 0,75 L",
    "category": "Vinos d.o",
    "url": "https://tienda.consum.es/es/p/vino-tinto/7381598",
    "price": 5.29,
    "reference_price": 7.05,
    "iva": 21,
    "reference_unit": "1 L",
    "date": "2023-01-17"
  },
  {
    "id": 27268,
    "name": "Gel de Baño Leche y Miel NB",
    "description": "Gel de Baño Leche y Miel 550 ml",
    "category": "Gel de baño",
    "url": "https://tienda.consum.es/es/p/gel-de-bano-leche-y-miel/7381663",
    "price": 2.59,
    "reference_price": 0.47,
    "iva": 21,
    "reference_unit": "100 ml",
    "date": "2023-01-17"
  },
  {
    "id": 27270,
    "name": "Gel de Baño Sensible Leche Hidratant NB",
    "description": "Gel de Baño Sensible Leche Hidratant 550 ml",
    "category": "Gel de baño",
    "url": "https://tienda.consum.es/es/p/gel-de-bano-sensible-leche-hidratant/7381671",
    "price": 2.59,
    "reference_price": 0.47,
    "iva": 21,
    "reference_unit": "100 ml",
    "date": "2023-01-17"
  },
  {
    "id": 27271,
    "name": "Gel de Baño Massage PALMOLIVE",
    "description": "Gel de Baño Massage 400 ml",
    "category": "Gel de baño",
    "url": "https://tienda.consum.es/es/p/gel-de-bano-massage/7381676",
    "price": 2.45,
    "reference_price": 0.61,
    "iva": 21,
    "reference_unit": "100 ml",
    "date": "2023-01-17"
  },
  {
    "id": 27272,
    "name": "Colorante Natural sin Tartracina POTE",
    "description": "Colorante Natural sin Tartracina 20 Gr",
    "category": "Especias",
    "url": "https://tienda.consum.es/es/p/colorante-natural-sin-tartracina/7381754",
    "price": 1.45,
    "reference_price": 7.25,
    "iva": 10,
    "reference_unit": "100 Gr",
    "date": "2023-01-17"
  },
  {
    "id": 27273,
    "name": "Gamuzas Atrapapolvo Recambio Mopa SWIFFER",
    "description": "Gamuzas Atrapapolvo Recambio Mopa 20 U",
    "category": "Bayetas, gamuzas y plumeros",
    "url": "https://tienda.consum.es/es/p/gamuzas-atrapapolvo-recambio-mopa/7381759",
    "price": 5.49,
    "reference_price": 0.27,
    "iva": 21,
    "reference_unit": "1 U",
    "date": "2023-01-17"
  },
  {
    "id": 27274,
    "name": "Ambientador Fresh Matic Ropa Limpia Recambio FLOR",
    "description": "Ambientador Fresh Matic Ropa Limpia Recambio 1 U",
    "category": "Eléctricos y automáticos",
    "url": "https://tienda.consum.es/es/p/ambientador-fresh-matic-ropa-limpia-recambio/7381762",
    "price": 5.49,
    "reference_price": 5.49,
    "iva": 21,
    "reference_unit": "1 U",
    "date": "2023-01-17"
  },
  {
    "id": 27276,
    "name": "Detergente Gel Vanish Advanced COLON",
    "description": "Detergente Gel Vanish Advanced 31 Lv",
    "category": "A máquina líquido",
    "url": "https://tienda.consum.es/es/p/detergente-gel-vanish-advanced/7381841",
    "price": 8.99,
    "reference_price": 0.29,
    "iva": 21,
    "reference_unit": "1 Lv",
    "date": "2023-01-17"
  },
  {
    "id": 27278,
    "name": "Cera en Gel Tupé GIORGI",
    "description": "Cera en Gel Tupé 145 ml",
    "category": "Gel y cera",
    "url": "https://tienda.consum.es/es/p/cera-en-gel-tupe/7381952",
    "price": 3.45,
    "reference_price": 2.38,
    "iva": 21,
    "reference_unit": "100 ml",
    "date": "2023-01-17"
  },
  {
    "id": 27279,
    "name": "Quitamanchas en Polvo Oxi Advance VANISH",
    "description": "Quitamanchas en Polvo Oxi Advance 800 Gr",
    "category": "Aditivos y complementos",
    "url": "https://tienda.consum.es/es/p/quitamanchas-en-polvo-oxi-advance/7381957",
    "price": 13.49,
    "reference_price": 16.86,
    "iva": 21,
    "reference_unit": "1 Kg",
    "date": "2023-01-17"
  },
  {
    "id": 27280,
    "name": "Agua Mágica Dream Long ELVIVE",
    "description": "Agua Mágica Dream Long 200 ml",
    "category": "Serums, aceites y otros",
    "url": "https://tienda.consum.es/es/p/agua-magica-dream-long/7381981",
    "price": 7.99,
    "reference_price": 4,
    "iva": 21,
    "reference_unit": "100 ml",
    "date": "2023-01-17"
  },
  {
    "id": 27289,
    "name": "Esponja Natural Marina DAVIDEL",
    "description": "Esponja Natural Marina 1 U",
    "category": "Complementos higiene",
    "url": "https://tienda.consum.es/es/p/esponja-natural-marina/7365182",
    "price": 3.99,
    "reference_price": 3.99,
    "iva": 21,
    "reference_unit": "1 U",
    "date": "2023-01-17"
  },
  {
    "id": 27290,
    "name": "Cera Tibia Roll-on Pieles Normales KYREY",
    "description": "Cera Tibia Roll-on Pieles Normales 120 ml",
    "category": "Cera ",
    "url": "https://tienda.consum.es/es/p/cera-tibia-roll-on-pieles-normales/7366594",
    "price": 3.25,
    "reference_price": 2.71,
    "iva": 21,
    "reference_unit": "100 ml",
    "date": "2023-01-17"
  },
  {
    "id": 27291,
    "name": "Cera Tibia Tarro KYREY",
    "description": "Cera Tibia Tarro 250 ml",
    "category": "Cera ",
    "url": "https://tienda.consum.es/es/p/cera-tibia-tarro/7366599",
    "price": 3.25,
    "reference_price": 1.3,
    "iva": 21,
    "reference_unit": "100 ml",
    "date": "2023-01-17"
  },
  {
    "id": 27296,
    "name": "Smoothie Kiwi, Piña con Spirulina FRUTAE",
    "description": "Smoothie Kiwi, Piña con Spirulina 250 ml",
    "category": "Zumos refrigerados",
    "url": "https://tienda.consum.es/es/p/smoothie-kiwi-pina-con-spirulina/7377927",
    "price": 0.99,
    "reference_price": 3.96,
    "iva": 10,
    "reference_unit": "1 L",
    "date": "2023-01-17"
  },
  {
    "id": 27300,
    "name": "Lomo Sardina Anchoada BRUIMAR",
    "description": "Lomo Sardina Anchoada 60 Gr",
    "category": "Surimis y salazones",
    "url": "https://tienda.consum.es/es/p/lomo-sardina-anchoada/7380298",
    "price": 1.95,
    "reference_price": 32.5,
    "iva": 10,
    "reference_unit": "1 Kg",
    "date": "2023-01-17"
  },
  {
    "id": 27304,
    "name": "Desodorante Roll-on Dark Temptation AXE",
    "description": "Desodorante Roll-on Dark Temptation 50 ml",
    "category": "Roll on",
    "url": "https://tienda.consum.es/es/p/desodorante-roll-on-dark-temptation/7381796",
    "price": 2.15,
    "reference_price": 4.3,
    "iva": 21,
    "reference_unit": "100 ml",
    "date": "2023-01-17"
  },
  {
    "id": 27307,
    "name": "Desodorante Roll-on 0% aluminio DOVE",
    "description": "Desodorante Roll-on 0% aluminio 50 ml",
    "category": "Roll on",
    "url": "https://tienda.consum.es/es/p/desodorante-roll-on-0-aluminio/7381812",
    "price": 2.99,
    "reference_price": 5.98,
    "iva": 21,
    "reference_unit": "100 ml",
    "date": "2023-01-17"
  },
  {
    "id": 27309,
    "name": "Aparato Eléctrico 3Evolution AMBIPUR",
    "description": "Aparato Eléctrico 3Evolution 1 U",
    "category": "Eléctricos y automáticos",
    "url": "https://tienda.consum.es/es/p/aparato-electrico-3evolution/7381960",
    "price": 3.99,
    "reference_price": 3.99,
    "iva": 21,
    "reference_unit": "1 U",
    "date": "2023-01-17"
  },
  {
    "id": 27310,
    "name": "Higiénico Dermo Cuidado SCOTTEX",
    "description": "Higiénico Dermo Cuidado 6 U",
    "category": "Papel higiénico",
    "url": "https://tienda.consum.es/es/p/higienico-dermo-cuidado/7381973",
    "price": 3.99,
    "reference_price": 0.67,
    "iva": 21,
    "reference_unit": "1 U",
    "date": "2023-01-17"
  },
  {
    "id": 27312,
    "name": "Trenza Crema y Cacao ",
    "description": "Trenza Crema y Cacao 450 Gr",
    "category": "Napolitanas y hojaldres",
    "url": "https://tienda.consum.es/es/p/trenza-crema-y-cacao/7382034",
    "price": 7.99,
    "reference_price": 17.76,
    "iva": 10,
    "reference_unit": "1 Kg",
    "date": "2023-01-17"
  },
  {
    "id": 27313,
    "name": "Paella Valenciana DELINATUR",
    "description": "Paella Valenciana 300 Gr",
    "category": "De pasta y arroz",
    "url": "https://tienda.consum.es/es/p/paella-valenciana/7382138",
    "price": 2.99,
    "reference_price": 9.97,
    "iva": 10,
    "reference_unit": "1 Kg",
    "date": "2023-01-17"
  },
  {
    "id": 27317,
    "name": "Café Grano Natural MARCILLA",
    "description": "Café Grano Natural 500 Gr",
    "category": "Café Grano",
    "url": "https://tienda.consum.es/es/p/cafe-grano-natural/7382299",
    "price": 7.99,
    "reference_price": 15.98,
    "iva": 10,
    "reference_unit": "1 Kg",
    "date": "2023-01-17"
  },
  {
    "id": 27319,
    "name": "Infusión Cúrcuma y Té Matcha 20 Bolsitas HORNIMANS",
    "description": "Infusión Cúrcuma y Té Matcha 20 Bolsitas 20 U",
    "category": "Otras infusiones",
    "url": "https://tienda.consum.es/es/p/infusion-curcuma-y-te-matcha-20-bolsitas/7382307",
    "price": 2.79,
    "reference_price": 0.14,
    "iva": 10,
    "reference_unit": "1 U",
    "date": "2023-01-17"
  },
  {
    "id": 27321,
    "name": "Licor Crema Chocolate con Tequila 38",
    "description": "Licor Crema Chocolate con Tequila 0,7 L",
    "category": "Licores y vermouth",
    "url": "https://tienda.consum.es/es/p/licor-crema-chocolate-con-tequila/7382315",
    "price": 12.9,
    "reference_price": 18.43,
    "iva": 21,
    "reference_unit": "1 L",
    "date": "2023-01-17"
  },
  {
    "id": 27322,
    "name": "Champiñón Pie Cortado Peso Variable ",
    "description": "Champiñón Pie Cortado Peso Variable",
    "category": "Champiñones y setas",
    "url": "https://tienda.consum.es/es/p/champinon-pie-cortado-peso-variable/7382344",
    "price": 1.37,
    "reference_price": 4.57,
    "iva": 0,
    "reference_unit": "1 Kg",
    "date": "2023-01-17"
  },
  {
    "id": 27327,
    "name": "Pan de Molde sin Gluten BIMBO",
    "description": "Pan de Molde sin Gluten 300 Gr",
    "category": "Pan de molde",
    "url": "https://tienda.consum.es/es/p/pan-de-molde-sin-gluten/7382492",
    "price": 3.25,
    "reference_price": 10.83,
    "iva": 10,
    "reference_unit": "1 Kg",
    "date": "2023-01-17"
  },
  {
    "id": 27329,
    "name": "Vino Tinto Crianza D.O. Utiel Requena C.SURIA",
    "description": "Vino Tinto Crianza D.O. Utiel Requena 0,75 L",
    "category": "Vinos d.o",
    "url": "https://tienda.consum.es/es/p/vino-tinto-crianza-do-utiel-requena/7382633",
    "price": 5.29,
    "reference_price": 7.05,
    "iva": 21,
    "reference_unit": "1 L",
    "date": "2023-01-17"
  },
  {
    "id": 27331,
    "name": "Empanad. de la Mancha de Tomate, Atún y Huevo ",
    "description": "Empanad. de la Mancha de Tomate, Atún y Huevo 150 Gr",
    "category": "Empanadillas",
    "url": "https://tienda.consum.es/es/p/empanad-de-la-mancha-de-tomate-atun-y-huevo/7370828",
    "price": 1.15,
    "reference_price": 7.67,
    "iva": 10,
    "reference_unit": "1 Kg",
    "date": "2023-01-17"
  },
  {
    "id": 27333,
    "name": "Guisantes Finos congelados FINDUS",
    "description": "Guisantes Finos congelados 800 Gr",
    "category": "Guisantes, judías y habas",
    "url": "https://tienda.consum.es/es/p/guisantes-finos-congelados/7379584",
    "price": 3.7,
    "reference_price": 4.63,
    "iva": 0,
    "reference_unit": "1 Kg",
    "date": "2023-01-17"
  },
  {
    "id": 27334,
    "name": "Champú 2 en 1 JOHNSON",
    "description": "Champú 2 en 1 500 ml",
    "category": "Champú",
    "url": "https://tienda.consum.es/es/p/champu-2-en-1/7380538",
    "price": 3.69,
    "reference_price": 0.74,
    "iva": 21,
    "reference_unit": "100 ml",
    "date": "2023-01-17"
  },
  {
    "id": 27337,
    "name": "Gazpacho Natural Tradicional CONSUM",
    "description": "Gazpacho Natural Tradicional 1 L",
    "category": "Gazpacho",
    "url": "https://tienda.consum.es/es/p/gazpacho-natural-tradicional/7381502",
    "price": 2.85,
    "reference_price": 2.85,
    "iva": 10,
    "reference_unit": "1 L",
    "date": "2023-01-17"
  },
  {
    "id": 27338,
    "name": "Gazpacho Natural Tradicional CONSUM",
    "description": "Gazpacho Natural Tradicional 330 ml",
    "category": "Gazpacho",
    "url": "https://tienda.consum.es/es/p/gazpacho-natural-tradicional/7381507",
    "price": 1.05,
    "reference_price": 3.18,
    "iva": 10,
    "reference_unit": "1 L",
    "date": "2023-01-17"
  },
  {
    "id": 27339,
    "name": "Salmorejo Natural CONSUM",
    "description": "Salmorejo Natural 330 ml",
    "category": "Gazpacho",
    "url": "https://tienda.consum.es/es/p/salmorejo-natural/7381510",
    "price": 1.15,
    "reference_price": 3.48,
    "iva": 10,
    "reference_unit": "1 L",
    "date": "2023-01-17"
  },
  {
    "id": 27340,
    "name": "Atún Claro en Aceite de Oliva Virgen Extra P3 ALBO",
    "description": "Atún Claro en Aceite de Oliva Virgen Extra P3 3 x 67 Gr",
    "category": "Conservas, aceites y condimentos",
    "url": "https://tienda.consum.es/es/p/atun-claro-en-aceite-de-oliva-virgen-extra-p3/7381593",
    "price": 6.49,
    "reference_price": 32.29,
    "iva": 10,
    "reference_unit": "1 Kg",
    "date": "2023-01-17"
  },
  {
    "id": 27341,
    "name": "Vino Blanco Dulce Afrutado V. MARINERA",
    "description": "Vino Blanco Dulce Afrutado 0,75 L",
    "category": "Vinos d.o",
    "url": "https://tienda.consum.es/es/p/vino-blanco-dulce-afrutado/7381684",
    "price": 2.2,
    "reference_price": 2.93,
    "iva": 21,
    "reference_unit": "1 L",
    "date": "2023-01-17"
  },
  {
    "id": 27342,
    "name": "Cepillo Neumatico Ecológico PONETTE",
    "description": "Cepillo Neumatico Ecológico 1 U",
    "category": "Peines y accesorios",
    "url": "https://tienda.consum.es/es/p/cepillo-neumatico-ecologico/7381697",
    "price": 2.99,
    "reference_price": 2.99,
    "iva": 21,
    "reference_unit": "1 U",
    "date": "2023-01-17"
  },
  {
    "id": 27343,
    "name": "Cepillo Compact Ecológico PONETTE",
    "description": "Cepillo Compact Ecológico 1 U",
    "category": "Peines y accesorios",
    "url": "https://tienda.consum.es/es/p/cepillo-compact-ecologico/7381700",
    "price": 3.99,
    "reference_price": 3.99,
    "iva": 21,
    "reference_unit": "1 U",
    "date": "2023-01-17"
  },
  {
    "id": 27344,
    "name": "Peine Escarpidor Ecológico PONETTE",
    "description": "Peine Escarpidor Ecológico 1 U",
    "category": "Peines y accesorios",
    "url": "https://tienda.consum.es/es/p/peine-escarpidor-ecologico/7381705",
    "price": 1.99,
    "reference_price": 1.99,
    "iva": 21,
    "reference_unit": "1 U",
    "date": "2023-01-17"
  },
  {
    "id": 27345,
    "name": "Turbante Ecológico PONETTE",
    "description": "Turbante Ecológico 1 U",
    "category": "Peines y accesorios",
    "url": "https://tienda.consum.es/es/p/turbante-ecologico/7381713",
    "price": 3.15,
    "reference_price": 3.15,
    "iva": 21,
    "reference_unit": "1 U",
    "date": "2023-01-17"
  },
  {
    "id": 27346,
    "name": "Coletero Ecológico PONETTE",
    "description": "Coletero Ecológico 2 U",
    "category": "Peines y accesorios",
    "url": "https://tienda.consum.es/es/p/coletero-ecologico/7381718",
    "price": 2.65,
    "reference_price": 1.33,
    "iva": 21,
    "reference_unit": "1 U",
    "date": "2023-01-17"
  },
  {
    "id": 27347,
    "name": "Pinza Grande Ecológica PONETTE",
    "description": "Pinza Grande Ecológica 1 U",
    "category": "Peines y accesorios",
    "url": "https://tienda.consum.es/es/p/pinza-grande-ecologica/7381721",
    "price": 1.99,
    "reference_price": 1.99,
    "iva": 21,
    "reference_unit": "1 U",
    "date": "2023-01-17"
  },
  {
    "id": 27349,
    "name": "Queso Minibabybel Mix 9 Unidades MINIBABYBEL",
    "description": "Queso Minibabybel Mix 9 Unidades 180 Gr",
    "category": "Bola, edam, gouda, maasdam",
    "url": "https://tienda.consum.es/es/p/queso-minibabybel-mix-9-unidades/7382125",
    "price": 4.22,
    "reference_price": 23.44,
    "iva": 0,
    "reference_unit": "1 Kg",
    "date": "2023-01-17"
  },
  {
    "id": 27350,
    "name": "Queso Cheddar 8 Loncha Tranchettes VACA QUE RIE",
    "description": "Queso Cheddar 8 Loncha Tranchettes 150 Gr",
    "category": "Barra y otros nacionales",
    "url": "https://tienda.consum.es/es/p/queso-cheddar-8-loncha-tranchettes/7382133",
    "price": 1.91,
    "reference_price": 12.73,
    "iva": 0,
    "reference_unit": "1 Kg",
    "date": "2023-01-17"
  },
  {
    "id": 27354,
    "name": "Refresco Cola Max Botella PEPSI-COLA",
    "description": "Refresco Cola Max Botella 1 L",
    "category": "Cola",
    "url": "https://tienda.consum.es/es/p/refresco-cola-max-botella/7382328",
    "price": 1.16,
    "reference_price": 1.16,
    "iva": 21,
    "reference_unit": "1 L",
    "date": "2023-01-17"
  },
  {
    "id": 27355,
    "name": "Refresco Cola Botella PEPSI-COLA",
    "description": "Refresco Cola Botella 1 L",
    "category": "Cola",
    "url": "https://tienda.consum.es/es/p/refresco-cola-botella/7382331",
    "price": 1.16,
    "reference_price": 1.16,
    "iva": 21,
    "reference_unit": "1 L",
    "date": "2023-01-17"
  },
  {
    "id": 27358,
    "name": "Hogaza 9% Nueces y 6% Calabaza ",
    "description": "Hogaza 9% Nueces y 6% Calabaza 400 Gr",
    "category": "Pan de horno",
    "url": "https://tienda.consum.es/es/p/hogaza-9-nueces-y-6-calabaza/7382356",
    "price": 2.59,
    "reference_price": 6.48,
    "iva": 10,
    "reference_unit": "1 Kg",
    "date": "2023-01-17"
  },
  {
    "id": 27360,
    "name": "Pimentón Picante D.O.P. de la Vera Lata MC CORMICK",
    "description": "Pimentón Picante D.O.P. de la Vera Lata 70 Gr",
    "category": "Especias",
    "url": "https://tienda.consum.es/es/p/pimenton-picante-dop-de-la-vera-lata/7382542",
    "price": 3.39,
    "reference_price": 48.43,
    "iva": 10,
    "reference_unit": "1 Kg",
    "date": "2023-01-17"
  },
  {
    "id": 27362,
    "name": "Vino Blanco Verdejo Vino Varietal OBEJITA VERD",
    "description": "Vino Blanco Verdejo Vino Varietal 0,75 L",
    "category": "Vinos d.o",
    "url": "https://tienda.consum.es/es/p/vino-blanco-verdejo-vino-varietal/7382567",
    "price": 4.49,
    "reference_price": 5.99,
    "iva": 21,
    "reference_unit": "1 L",
    "date": "2023-01-17"
  },
  {
    "id": 27363,
    "name": "Pimiento Chipotle Picante Medio Tarro DUCROS",
    "description": "Pimiento Chipotle Picante Medio Tarro 46 Gr",
    "category": "Sazonadores",
    "url": "https://tienda.consum.es/es/p/pimiento-chipotle-picante-medio-tarro/7382570",
    "price": 3.39,
    "reference_price": 7.37,
    "iva": 10,
    "reference_unit": "100 Gr",
    "date": "2023-01-17"
  },
  {
    "id": 27364,
    "name": "Chicle en Grageas Sabor Eucalipto Bote ORBIT",
    "description": "Chicle en Grageas Sabor Eucalipto Bote 60 U",
    "category": "Chicles, caramelos y gominolas",
    "url": "https://tienda.consum.es/es/p/chicle-en-grageas-sabor-eucalipto-bote/7382609",
    "price": 2.99,
    "reference_price": 0.05,
    "iva": 10,
    "reference_unit": "1 U",
    "date": "2023-01-17"
  },
  {
    "id": 27365,
    "name": "Garam Masala Tarro DUCROS",
    "description": "Garam Masala Tarro 30 Gr",
    "category": "Sazonadores",
    "url": "https://tienda.consum.es/es/p/garam-masala-tarro/7382612",
    "price": 2.25,
    "reference_price": 7.5,
    "iva": 10,
    "reference_unit": "100 Gr",
    "date": "2023-01-17"
  },
  {
    "id": 27371,
    "name": "Piña en su Jugo Quality DEL MONTE",
    "description": "Piña en su Jugo Quality 825 Gr",
    "category": "Frutas en almíbar y en su jugo",
    "url": "https://tienda.consum.es/es/p/pina-en-su-jugo-quality/7382943",
    "price": 4.29,
    "reference_price": 8.41,
    "iva": 10,
    "reference_unit": "1 Kg",
    "date": "2023-01-17"
  },
  {
    "id": 27374,
    "name": "Comida Seca Perro Júnior Rico Pollo VITALITY",
    "description": "Comida Seca Perro Júnior Rico Pollo 4 Kg",
    "category": "Seco",
    "url": "https://tienda.consum.es/es/p/comida-seca-perro-junior-rico-pollo/7363299",
    "price": 6.49,
    "reference_price": 1.62,
    "iva": 10,
    "reference_unit": "1 Kg",
    "date": "2023-01-17"
  },
  {
    "id": 27376,
    "name": "Comida Seca Gato Salmón y Atún VITALITY",
    "description": "Comida Seca Gato Salmón y Atún 3 Kg",
    "category": "Seco",
    "url": "https://tienda.consum.es/es/p/comida-seca-gato-salmon-y-atun/7370729",
    "price": 4.5,
    "reference_price": 1.5,
    "iva": 10,
    "reference_unit": "1 Kg",
    "date": "2023-01-17"
  },
  {
    "id": 27377,
    "name": "Bebida Energética Fruta de Dragón Lata RED BULL",
    "description": "Bebida Energética Fruta de Dragón Lata 0,25 L",
    "category": "Energéticas",
    "url": "https://tienda.consum.es/es/p/bebida-energetica-fruta-de-dragon-lata/7378375",
    "price": 1.25,
    "reference_price": 5,
    "iva": 21,
    "reference_unit": "1 L",
    "date": "2023-01-17"
  },
  {
    "id": 27379,
    "name": "Miel de Flores Ecológica Tarro R.APICOLA",
    "description": "Miel de Flores Ecológica Tarro 500 Gr",
    "category": "Miel",
    "url": "https://tienda.consum.es/es/p/miel-de-flores-ecologica-tarro/7379683",
    "price": 5.19,
    "reference_price": 10.38,
    "iva": 10,
    "reference_unit": "1 Kg",
    "date": "2023-01-17"
  },
  {
    "id": 27380,
    "name": "Agua con Gas sabores Limón y Guayaba PERRIER",
    "description": "Agua con Gas sabores Limón y Guayaba 0,25 L",
    "category": "Agua con sabores",
    "url": "https://tienda.consum.es/es/p/agua-con-gas-sabores-limon-y-guayaba/7380272",
    "price": 0.89,
    "reference_price": 3.56,
    "iva": 21,
    "reference_unit": "1 L",
    "date": "2023-01-17"
  },
  {
    "id": 27385,
    "name": "Cereales Cheerios Avena NESTLE",
    "description": "Cereales Cheerios Avena 300 Gr",
    "category": "Cereales",
    "url": "https://tienda.consum.es/es/p/cereales-cheerios-avena/7380645",
    "price": 2.99,
    "reference_price": 9.97,
    "iva": 10,
    "reference_unit": "1 Kg",
    "date": "2023-01-17"
  },
  {
    "id": 27386,
    "name": "Tentáculo Pulpo Cocido ",
    "description": "Tentáculo Pulpo Cocido 220 Gr",
    "category": "Pescado en bandeja",
    "url": "https://tienda.consum.es/es/p/tentaculo-pulpo-cocido/7380694",
    "price": 11.5,
    "reference_price": 52.27,
    "iva": 10,
    "reference_unit": "1 Kg",
    "date": "2023-01-17"
  },
  {
    "id": 27389,
    "name": "Dentífrico Complete Menta ORAL B",
    "description": "Dentífrico Complete Menta 75 ml",
    "category": "Dentífricos",
    "url": "https://tienda.consum.es/es/p/dentifrico-complete-menta/7381692",
    "price": 2.29,
    "reference_price": 3.05,
    "iva": 21,
    "reference_unit": "100 ml",
    "date": "2023-01-17"
  },
  {
    "id": 27393,
    "name": "Sardinillas en Aceite Oliva Virgen Extra 8/12 CABO PEÑAS",
    "description": "Sardinillas en Aceite Oliva Virgen Extra 8/12 62 Gr",
    "category": "Sardinas",
    "url": "https://tienda.consum.es/es/p/sardinillas-en-aceite-oliva-virgen-extra-8/12/7382141",
    "price": 1.49,
    "reference_price": 24.03,
    "iva": 10,
    "reference_unit": "1 Kg",
    "date": "2023-01-17"
  },
  {
    "id": 27395,
    "name": "Crema sin Aclarado Fuerza y Brillo 10 en 1 FRUCTIS",
    "description": "Crema sin Aclarado Fuerza y Brillo 10 en 1 400 ml",
    "category": "Gel y cera",
    "url": "https://tienda.consum.es/es/p/crema-sin-aclarado-fuerza-y-brillo-10-en-1/7382278",
    "price": 4.25,
    "reference_price": 1.06,
    "iva": 21,
    "reference_unit": "100 ml",
    "date": "2023-01-17"
  },
  {
    "id": 27398,
    "name": "Pimienta Verde Tarro DUCROS",
    "description": "Pimienta Verde Tarro 35 Gr",
    "category": "Especias",
    "url": "https://tienda.consum.es/es/p/pimienta-verde-tarro/7382588",
    "price": 3.25,
    "reference_price": 9.29,
    "iva": 10,
    "reference_unit": "100 Gr",
    "date": "2023-01-17"
  },
  {
    "id": 27400,
    "name": "Pechuga de Pavo Corte Fresco ELPOZO 1954",
    "description": "Pechuga de Pavo Corte Fresco 120 Gr",
    "category": "Fiambres ave",
    "url": "https://tienda.consum.es/es/p/pechuga-de-pavo-corte-fresco/7382638",
    "price": 2.29,
    "reference_price": 19.08,
    "iva": 10,
    "reference_unit": "1 Kg",
    "date": "2023-01-17"
  },
  {
    "id": 27401,
    "name": "Pechuga Pollo Braseada Baja en Grasa EL POZO",
    "description": "Pechuga Pollo Braseada Baja en Grasa 85 Gr",
    "category": "Fiambres ave",
    "url": "https://tienda.consum.es/es/p/pechuga-pollo-braseada-baja-en-grasa/7382641",
    "price": 1,
    "reference_price": 11.76,
    "iva": 10,
    "reference_unit": "1 Kg",
    "date": "2023-01-17"
  },
  {
    "id": 27406,
    "name": "Energy Gels Cola con Cafeína Pack de 3 JUST LOADING",
    "description": "Energy Gels Cola con Cafeína Pack de 3 120 Gr",
    "category": "Para deportistas",
    "url": "https://tienda.consum.es/es/p/energy-gels-cola-con-cafeina-pack-de-3/7382935",
    "price": 2.15,
    "reference_price": 17.92,
    "iva": 10,
    "reference_unit": "1 Kg",
    "date": "2023-01-17"
  },
  {
    "id": 27407,
    "name": "Pechuga de Pavo Dados SERRANO",
    "description": "Pechuga de Pavo Dados 200 Gr",
    "category": "Fiambres ave",
    "url": "https://tienda.consum.es/es/p/pechuga-de-pavo-dados/7383094",
    "price": 2.16,
    "reference_price": 10.8,
    "iva": 10,
    "reference_unit": "1 Kg",
    "date": "2023-01-17"
  },
  {
    "id": 27410,
    "name": "Semilla Sésamo Tostado Ecológico CONSUM ECO",
    "description": "Semilla Sésamo Tostado Ecológico 250 Gr",
    "category": "Alimentación dietética básica",
    "url": "https://tienda.consum.es/es/p/semilla-sesamo-tostado-ecologico/7346984",
    "price": 2.89,
    "reference_price": 11.56,
    "iva": 10,
    "reference_unit": "1 Kg",
    "date": "2023-01-17"
  },
  {
    "id": 27411,
    "name": "Semilla Lino Dorado Ecológico CONSUM ECO",
    "description": "Semilla Lino Dorado Ecológico 250 Gr",
    "category": "Alimentación dietética básica",
    "url": "https://tienda.consum.es/es/p/semilla-lino-dorado-ecologico/7346989",
    "price": 1.78,
    "reference_price": 7.12,
    "iva": 0,
    "reference_unit": "1 Kg",
    "date": "2023-01-17"
  },
  {
    "id": 27412,
    "name": "Almendra Piel Cruda Doy Pack CONSUM",
    "description": "Almendra Piel Cruda Doy Pack 200 Gr",
    "category": "Otros frutos secos",
    "url": "https://tienda.consum.es/es/p/almendra-piel-cruda-doy-pack/7368699",
    "price": 2.36,
    "reference_price": 11.8,
    "iva": 0,
    "reference_unit": "1 Kg",
    "date": "2023-01-17"
  },
  {
    "id": 27413,
    "name": "Toallitas Kids Frescura y Limpieza CONSUM KIDS",
    "description": "Toallitas Kids Frescura y Limpieza 80 U",
    "category": "Toallitas",
    "url": "https://tienda.consum.es/es/p/toallitas-kids-frescura-y-limpieza/7369312",
    "price": 0.99,
    "reference_price": 0.01,
    "iva": 21,
    "reference_unit": "1 U",
    "date": "2023-01-17"
  },
  {
    "id": 27414,
    "name": "Salsa Napolitana Frasco CONSUM",
    "description": "Salsa Napolitana Frasco 300 Gr",
    "category": "Otras salsas",
    "url": "https://tienda.consum.es/es/p/salsa-napolitana-frasco/7372167",
    "price": 1.2,
    "reference_price": 4,
    "iva": 10,
    "reference_unit": "1 Kg",
    "date": "2023-01-17"
  },
  {
    "id": 27418,
    "name": "Queso Caprice des Dieux ARIAS",
    "description": "Queso Caprice des Dieux 125 Gr",
    "category": "Brie, camembert y cremosos",
    "url": "https://tienda.consum.es/es/p/queso-caprice-des-dieux/7382120",
    "price": 3.15,
    "reference_price": 25.2,
    "iva": 0,
    "reference_unit": "1 Kg",
    "date": "2023-01-17"
  },
  {
    "id": 27419,
    "name": "Molinillo Pimienta Negra Frasco DUCROS",
    "description": "Molinillo Pimienta Negra Frasco 35 Gr",
    "category": "Especias",
    "url": "https://tienda.consum.es/es/p/molinillo-pimienta-negra-frasco/7382260",
    "price": 3.99,
    "reference_price": 11.4,
    "iva": 10,
    "reference_unit": "100 Gr",
    "date": "2023-01-17"
  },
  {
    "id": 27432,
    "name": "Molinillo 5 Bayas Tarro DUCROS",
    "description": "Molinillo 5 Bayas Tarro 24 Gr",
    "category": "Especias",
    "url": "https://tienda.consum.es/es/p/molinillo-5-bayas-tarro/7382617",
    "price": 3.99,
    "reference_price": 16.63,
    "iva": 10,
    "reference_unit": "100 Gr",
    "date": "2023-01-17"
  },
  {
    "id": 27434,
    "name": "Energy Bars Dátiles Coco y Nueces Pack 3 JUST LOADING",
    "description": "Energy Bars Dátiles Coco y Nueces Pack 3 120 Gr",
    "category": "Para deportistas",
    "url": "https://tienda.consum.es/es/p/energy-bars-datiles-coco-y-nueces-pack-3/7382930",
    "price": 2.59,
    "reference_price": 21.58,
    "iva": 10,
    "reference_unit": "1 Kg",
    "date": "2023-01-17"
  },
  {
    "id": 27435,
    "name": "Yogur Plátano y Fresa Pack 2 Tarritos HERO BABY",
    "description": "Yogur Plátano y Fresa Pack 2 Tarritos 240 Gr",
    "category": "Petit e infantiles",
    "url": "https://tienda.consum.es/es/p/yogur-platano-y-fresa-pack-2-tarritos/7382948",
    "price": 1.99,
    "reference_price": 8.29,
    "iva": 10,
    "reference_unit": "1 Kg",
    "date": "2023-01-17"
  },
  {
    "id": 27436,
    "name": "Yogur Natural Pack 2 Tarritos HERO BABY",
    "description": "Yogur Natural Pack 2 Tarritos 240 Gr",
    "category": "Petit e infantiles",
    "url": "https://tienda.consum.es/es/p/yogur-natural-pack-2-tarritos/7382950",
    "price": 1.99,
    "reference_price": 8.29,
    "iva": 10,
    "reference_unit": "1 Kg",
    "date": "2023-01-17"
  },
  {
    "id": 27442,
    "name": "Pechuga de Pollo Esencia TELLO",
    "description": "Pechuga de Pollo Esencia",
    "category": "Fiambres ave",
    "url": "https://tienda.consum.es/es/p/pechuga-de-pollo-esencia/7383156",
    "price": 13.9,
    "reference_price": 13.9,
    "iva": 10,
    "reference_unit": "1 Kg",
    "date": "2023-01-17"
  },
  {
    "id": 27443,
    "name": "Bebida de Arroz y Coco Brik YOSOY",
    "description": "Bebida de Arroz y Coco Brik 1 L",
    "category": "Bebidas vegetales",
    "url": "https://tienda.consum.es/es/p/bebida-de-arroz-y-coco-brik/7383354",
    "price": 2.1,
    "reference_price": 2.1,
    "iva": 10,
    "reference_unit": "1 L",
    "date": "2023-01-17"
  },
  {
    "id": 27447,
    "name": "Piña en su Jugo Quality Pack de 3 DEL MONTE",
    "description": "Piña en su Jugo Quality Pack de 3 3 x 230 Gr",
    "category": "Frutas en almíbar y en su jugo",
    "url": "https://tienda.consum.es/es/p/pina-en-su-jugo-quality-pack-de-3/7383482",
    "price": 4.69,
    "reference_price": 11.17,
    "iva": 10,
    "reference_unit": "1 Kg",
    "date": "2023-01-17"
  },
  {
    "id": 27448,
    "name": "Patatas Fritas Aceite de Oliva MARINAS",
    "description": "Patatas Fritas Aceite de Oliva 150 Gr",
    "category": "Patatas fritas",
    "url": "https://tienda.consum.es/es/p/patatas-fritas-aceite-de-oliva/7383495",
    "price": 2.29,
    "reference_price": 15.27,
    "iva": 10,
    "reference_unit": "1 Kg",
    "date": "2023-01-17"
  },
  {
    "id": 27451,
    "name": "Néctar Cóctel Frutas sin Azúcar Añadido PET GRANINI",
    "description": "Néctar Cóctel Frutas sin Azúcar Añadido PET 1 L",
    "category": "Zumos y néctares sin azúcar",
    "url": "https://tienda.consum.es/es/p/nectar-coctel-frutas-sin-azucar-anadido-pet/7383537",
    "price": 2.69,
    "reference_price": 2.69,
    "iva": 10,
    "reference_unit": "1 L",
    "date": "2023-01-17"
  },
  {
    "id": 27452,
    "name": "Detergente Gel Aroma Nenuco COLON",
    "description": "Detergente Gel Aroma Nenuco 45 Lv",
    "category": "A máquina líquido",
    "url": "https://tienda.consum.es/es/p/detergente-gel-aroma-nenuco/7383560",
    "price": 6.5,
    "reference_price": 0.14,
    "iva": 21,
    "reference_unit": "1 Lv",
    "date": "2023-01-17"
  },
  {
    "id": 27459,
    "name": "Semilla Chía Ecológica CONSUM ECO",
    "description": "Semilla Chía Ecológica 250 Gr",
    "category": "Alimentación dietética básica",
    "url": "https://tienda.consum.es/es/p/semilla-chia-ecologica/7346976",
    "price": 2.2,
    "reference_price": 8.8,
    "iva": 0,
    "reference_unit": "1 Kg",
    "date": "2023-01-17"
  },
  {
    "id": 27460,
    "name": "Salsa Bolognesa Frasco CONSUM",
    "description": "Salsa Bolognesa Frasco 300 Gr",
    "category": "Otras salsas",
    "url": "https://tienda.consum.es/es/p/salsa-bolognesa-frasco/7372162",
    "price": 1.2,
    "reference_price": 4,
    "iva": 10,
    "reference_unit": "1 Kg",
    "date": "2023-01-17"
  },
  {
    "id": 27461,
    "name": "Barrita 6 Unidades MARS",
    "description": "Barrita 6 Unidades 251 Gr",
    "category": "Sándwich",
    "url": "https://tienda.consum.es/es/p/barrita-6-unidades/7382968",
    "price": 4.99,
    "reference_price": 19.88,
    "iva": 10,
    "reference_unit": "1 Kg",
    "date": "2023-01-17"
  },
  {
    "id": 27463,
    "name": "Desodorante Spray Black & White Pocket NIVEA",
    "description": "Desodorante Spray Black & White Pocket 100 ml",
    "category": "Spray",
    "url": "https://tienda.consum.es/es/p/desodorante-spray-black-white-pocket/7383271",
    "price": 1.99,
    "reference_price": 1.99,
    "iva": 21,
    "reference_unit": "100 ml",
    "date": "2023-01-17"
  },
  {
    "id": 27466,
    "name": "Vino Blanco Verdejo D.O.Rueda PERRO VERDE",
    "description": "Vino Blanco Verdejo D.O.Rueda 0,75 L",
    "category": "Vinos d.o",
    "url": "https://tienda.consum.es/es/p/vino-blanco-verdejo-dorueda/7383607",
    "price": 10.9,
    "reference_price": 14.53,
    "iva": 21,
    "reference_unit": "1 L",
    "date": "2023-01-17"
  },
  {
    "id": 27467,
    "name": "Pisto y Atún Hojaldre 1Unidad ",
    "description": "Pisto y Atún Hojaldre 1Unidad 130 Gr",
    "category": "Pizzas y hojaldres",
    "url": "https://tienda.consum.es/es/p/pisto-y-atun-hojaldre-1unidad/7383805",
    "price": 1.35,
    "reference_price": 10.38,
    "iva": 10,
    "reference_unit": "1 Kg",
    "date": "2023-01-17"
  },
  {
    "id": 27469,
    "name": "Champú Gel SPIDERMAN",
    "description": "Champú Gel 400 ml",
    "category": "Infantiles",
    "url": "https://tienda.consum.es/es/p/champu-gel/7383909",
    "price": 3.95,
    "reference_price": 0.99,
    "iva": 21,
    "reference_unit": "100 ml",
    "date": "2023-01-17"
  },
  {
    "id": 27472,
    "name": "Comida Seca Perro Mini Júnior Pollo Fresco VITALITY",
    "description": "Comida Seca Perro Mini Júnior Pollo Fresco 1,5 Kg",
    "category": "Seco",
    "url": "https://tienda.consum.es/es/p/comida-seca-perro-mini-junior-pollo-fresco/7363294",
    "price": 5.3,
    "reference_price": 3.53,
    "iva": 10,
    "reference_unit": "1 Kg",
    "date": "2023-01-17"
  },
  {
    "id": 27473,
    "name": "Comida Seca Gato Júnior Rico en Pollo y Arroz VITALITY",
    "description": "Comida Seca Gato Júnior Rico en Pollo y Arroz 1,5 Kg",
    "category": "Seco",
    "url": "https://tienda.consum.es/es/p/comida-seca-gato-junior-rico-en-pollo-y-arroz/7363328",
    "price": 3.65,
    "reference_price": 2.43,
    "iva": 10,
    "reference_unit": "1 Kg",
    "date": "2023-01-17"
  },
  {
    "id": 27474,
    "name": "Comida Seca Gato Pollo Fresco VITALITY",
    "description": "Comida Seca Gato Pollo Fresco 1,5 Kg",
    "category": "Seco",
    "url": "https://tienda.consum.es/es/p/comida-seca-gato-pollo-fresco/7363349",
    "price": 5.3,
    "reference_price": 3.53,
    "iva": 10,
    "reference_unit": "1 Kg",
    "date": "2023-01-17"
  },
  {
    "id": 27475,
    "name": "Salsa Tomate Albahaca y Orégano CONSUM",
    "description": "Salsa Tomate Albahaca y Orégano 300 Gr",
    "category": "Otras salsas",
    "url": "https://tienda.consum.es/es/p/salsa-tomate-albahaca-y-oregano/7372170",
    "price": 1.2,
    "reference_price": 4,
    "iva": 10,
    "reference_unit": "1 Kg",
    "date": "2023-01-17"
  },
  {
    "id": 27476,
    "name": "Ensaladilla congelada FINDUS",
    "description": "Ensaladilla congelada 800 Gr",
    "category": "Menestras y ensaladillas",
    "url": "https://tienda.consum.es/es/p/ensaladilla-congelada/7379576",
    "price": 3.64,
    "reference_price": 4.55,
    "iva": 0,
    "reference_unit": "1 Kg",
    "date": "2023-01-17"
  },
  {
    "id": 27478,
    "name": "Caffè Latte con Proteína Mr. Big KAIKU",
    "description": "Caffè Latte con Proteína Mr. Big 370 ml",
    "category": "Batidos y cafés",
    "url": "https://tienda.consum.es/es/p/caffe-latte-con-proteina-mr-big/7382653",
    "price": 2.25,
    "reference_price": 6.08,
    "iva": 10,
    "reference_unit": "1 L",
    "date": "2023-01-17"
  },
  {
    "id": 27484,
    "name": "Néctar Arándanos sin Azúcar Añadido PET GRANINI",
    "description": "Néctar Arándanos sin Azúcar Añadido PET 1 L",
    "category": "Zumos y néctares sin azúcar",
    "url": "https://tienda.consum.es/es/p/nectar-arandanos-sin-azucar-anadido-pet/7383532",
    "price": 2.69,
    "reference_price": 2.69,
    "iva": 10,
    "reference_unit": "1 L",
    "date": "2023-01-17"
  },
  {
    "id": 27485,
    "name": "Néctar Naranja-Zanahoria sin Azúcar Anadido PET GRANINI",
    "description": "Néctar Naranja-Zanahoria sin Azúcar Anadido PET 1 L",
    "category": "Zumos y néctares sin azúcar",
    "url": "https://tienda.consum.es/es/p/nectar-naranja-zanahoria-sin-azucar-anadido-pet/7383540",
    "price": 2.69,
    "reference_price": 2.69,
    "iva": 10,
    "reference_unit": "1 L",
    "date": "2023-01-17"
  },
  {
    "id": 27486,
    "name": "Zumo Exprimido Granada Botella VITALGRANA",
    "description": "Zumo Exprimido Granada Botella 0,75 L",
    "category": "Zumos y néctares no refrigerados",
    "url": "https://tienda.consum.es/es/p/zumo-exprimido-granada-botella/7383557",
    "price": 3.85,
    "reference_price": 5.13,
    "iva": 10,
    "reference_unit": "1 L",
    "date": "2023-01-17"
  },
  {
    "id": 27488,
    "name": "Tarta de Turrón y Nata ",
    "description": "Tarta de Turrón y Nata 650 Gr",
    "category": "Tartas ",
    "url": "https://tienda.consum.es/es/p/tarta-de-turron-y-nata/7383701",
    "price": 10.5,
    "reference_price": 16.15,
    "iva": 10,
    "reference_unit": "1 Kg",
    "date": "2023-01-17"
  },
  {
    "id": 27489,
    "name": "Huesitos Superchoc Multipack de 5 Unidades HUESITOS",
    "description": "Huesitos Superchoc Multipack de 5 Unidades 5 x 46 Gr",
    "category": "Chocolatinas y bombones",
    "url": "https://tienda.consum.es/es/p/huesitos-superchoc-multipack-de-5-unidades/7383789",
    "price": 2.49,
    "reference_price": 10.83,
    "iva": 10,
    "reference_unit": "1 Kg",
    "date": "2023-01-17"
  },
  {
    "id": 27506,
    "name": "Pañal Talla 1 CONSUM KIDS",
    "description": "Pañal Talla 1 28 U",
    "category": "Bebé: Talla de 0 a 3",
    "url": "https://tienda.consum.es/es/p/panal-talla-1/7369833",
    "price": 4.79,
    "reference_price": 0.17,
    "iva": 21,
    "reference_unit": "1 U",
    "date": "2023-01-17"
  },
  {
    "id": 27507,
    "name": "Nuez Grano Doypack CONSUM",
    "description": "Nuez Grano Doypack 200 Gr",
    "category": "Nueces",
    "url": "https://tienda.consum.es/es/p/nuez-grano-doypack/7375595",
    "price": 2.68,
    "reference_price": 13.4,
    "iva": 0,
    "reference_unit": "1 Kg",
    "date": "2023-01-17"
  },
  {
    "id": 27509,
    "name": "Chorizo Mini Picante ",
    "description": "Chorizo Mini Picante",
    "category": "Embutido",
    "url": "https://tienda.consum.es/es/p/chorizo-mini-picante/7383037",
    "price": 2.52,
    "reference_price": 8.4,
    "iva": 10,
    "reference_unit": "1 Kg",
    "date": "2023-01-17"
  },
  {
    "id": 27513,
    "name": "Molinillo Pimienta Negra Bio Frasco DUCROS",
    "description": "Molinillo Pimienta Negra Bio Frasco 30 Gr",
    "category": "Especias",
    "url": "https://tienda.consum.es/es/p/molinillo-pimienta-negra-bio-frasco/7383771",
    "price": 4.19,
    "reference_price": 13.97,
    "iva": 10,
    "reference_unit": "100 Gr",
    "date": "2023-01-17"
  },
  {
    "id": 27515,
    "name": "Desodorante Marine AXE",
    "description": "Desodorante Marine 200 ml",
    "category": "Spray",
    "url": "https://tienda.consum.es/es/p/desodorante-marine/7383797",
    "price": 4,
    "reference_price": 2,
    "iva": 21,
    "reference_unit": "100 ml",
    "date": "2023-01-17"
  },
  {
    "id": 27516,
    "name": "Desodorante Black AXE",
    "description": "Desodorante Black 200 ml",
    "category": "Spray",
    "url": "https://tienda.consum.es/es/p/desodorante-black/7383800",
    "price": 4,
    "reference_price": 2,
    "iva": 21,
    "reference_unit": "100 ml",
    "date": "2023-01-17"
  },
  {
    "id": 27518,
    "name": "P. Rebanado 15 Semillas y Cereales ",
    "description": "P. Rebanado 15 Semillas y Cereales 420 Gr",
    "category": "Pan de molde y rebanado",
    "url": "https://tienda.consum.es/es/p/p-rebanado-15-semillas-y-cereales/7383821",
    "price": 1.95,
    "reference_price": 4.64,
    "iva": 10,
    "reference_unit": "1 Kg",
    "date": "2023-01-17"
  },
  {
    "id": 27530,
    "name": "Weikis con Pepitas Choco Leche BELLA EASO",
    "description": "Weikis con Pepitas Choco Leche 240 Gr",
    "category": "Bollería industrial",
    "url": "https://tienda.consum.es/es/p/weikis-con-pepitas-choco-leche/7384170",
    "price": 2.5,
    "reference_price": 10.42,
    "iva": 10,
    "reference_unit": "1 Kg",
    "date": "2023-01-17"
  },
  {
    "id": 27534,
    "name": "Comida Seca Perro Adulto Músculos Fuertes VITALITY",
    "description": "Comida Seca Perro Adulto Músculos Fuertes 4 Kg",
    "category": "Seco",
    "url": "https://tienda.consum.es/es/p/comida-seca-perro-adulto-musculos-fuertes/7363260",
    "price": 6.49,
    "reference_price": 1.62,
    "iva": 10,
    "reference_unit": "1 Kg",
    "date": "2023-01-17"
  },
  {
    "id": 27535,
    "name": "Comida Seca Perro Light VITALITY",
    "description": "Comida Seca Perro Light 4 Kg",
    "category": "Seco",
    "url": "https://tienda.consum.es/es/p/comida-seca-perro-light/7363278",
    "price": 6.49,
    "reference_price": 1.62,
    "iva": 10,
    "reference_unit": "1 Kg",
    "date": "2023-01-17"
  },
  {
    "id": 27536,
    "name": "Comida Seca Gato Sénior Rico en Pollo y Verduras VITALITY",
    "description": "Comida Seca Gato Sénior Rico en Pollo y Verduras 1,5 Kg",
    "category": "Seco",
    "url": "https://tienda.consum.es/es/p/comida-seca-gato-senior-rico-en-pollo-y-verduras/7363336",
    "price": 3.65,
    "reference_price": 2.43,
    "iva": 10,
    "reference_unit": "1 Kg",
    "date": "2023-01-17"
  },
  {
    "id": 27537,
    "name": "Conos Chocolatisimo 6 Unidades CONSUM",
    "description": "Conos Chocolatisimo 6 Unidades 6 x 65 Gr",
    "category": "Conos",
    "url": "https://tienda.consum.es/es/p/conos-chocolatisimo-6-unidades/7368137",
    "price": 2.39,
    "reference_price": 6.13,
    "iva": 10,
    "reference_unit": "1 Kg",
    "date": "2023-01-17"
  },
  {
    "id": 27538,
    "name": "Bandas Depilatorias Ingles y Axilas KYREY",
    "description": "Bandas Depilatorias Ingles y Axilas 16 U",
    "category": "Cera ",
    "url": "https://tienda.consum.es/es/p/bandas-depilatorias-ingles-y-axilas/7369858",
    "price": 1.35,
    "reference_price": 0.08,
    "iva": 21,
    "reference_unit": "1 U",
    "date": "2023-01-17"
  },
  {
    "id": 27539,
    "name": "Bandas Depilatorias Faciales Piel Sensible KYREY",
    "description": "Bandas Depilatorias Faciales Piel Sensible 16 U",
    "category": "Cera ",
    "url": "https://tienda.consum.es/es/p/bandas-depilatorias-faciales-piel-sensible/7369861",
    "price": 1.2,
    "reference_price": 0.08,
    "iva": 21,
    "reference_unit": "1 U",
    "date": "2023-01-17"
  },
  {
    "id": 27540,
    "name": "Bandas Depilatorias Corporales KYREY",
    "description": "Bandas Depilatorias Corporales 20 U",
    "category": "Cera ",
    "url": "https://tienda.consum.es/es/p/bandas-depilatorias-corporales/7369866",
    "price": 1.65,
    "reference_price": 0.08,
    "iva": 21,
    "reference_unit": "1 U",
    "date": "2023-01-17"
  },
  {
    "id": 27541,
    "name": "Postre Proteico Sabor Chocolate s/Azúc.Añadi. CONSUM",
    "description": "Postre Proteico Sabor Chocolate s/Azúc.Añadi. 200 Gr",
    "category": "Yogures especial salud",
    "url": "https://tienda.consum.es/es/p/postre-proteico-sabor-chocolate-s/azucanadi/7372105",
    "price": 1.55,
    "reference_price": 7.75,
    "iva": 10,
    "reference_unit": "1 Kg",
    "date": "2023-01-17"
  },
  {
    "id": 27542,
    "name": "Salsa Carbonara Frasco CONSUM",
    "description": "Salsa Carbonara Frasco 300 Gr",
    "category": "Otras salsas",
    "url": "https://tienda.consum.es/es/p/salsa-carbonara-frasco/7372159",
    "price": 1.15,
    "reference_price": 3.83,
    "iva": 10,
    "reference_unit": "1 Kg",
    "date": "2023-01-17"
  },
  {
    "id": 27543,
    "name": "Postre Proteico Sabor Vainilla s/Azúcar Añadido CONSUM",
    "description": "Postre Proteico Sabor Vainilla s/Azúcar Añadido 200 Gr",
    "category": "Yogures especial salud",
    "url": "https://tienda.consum.es/es/p/postre-proteico-sabor-vainilla-s/azucar-anadido/7375686",
    "price": 1.55,
    "reference_price": 7.75,
    "iva": 10,
    "reference_unit": "1 Kg",
    "date": "2023-01-17"
  },
  {
    "id": 27544,
    "name": "Limpia Lavadoras CONSUM",
    "description": "Limpia Lavadoras 0,25 L",
    "category": "Descalcificadores lavadora",
    "url": "https://tienda.consum.es/es/p/limpia-lavadoras/7376515",
    "price": 2.1,
    "reference_price": 8.4,
    "iva": 21,
    "reference_unit": "1 L",
    "date": "2023-01-17"
  },
  {
    "id": 27545,
    "name": "Galletas Cookies con pepitas de chocolate CONSUM",
    "description": "Galletas Cookies con pepitas de chocolate 225gr",
    "category": "Galletas de chocolate",
    "url": "https://tienda.consum.es/es/p/galletas-cookies-con-pepitas-de-chocolate/7376700",
    "price": 1,
    "reference_price": 4.44,
    "iva": 10,
    "reference_unit": "1 Kg",
    "date": "2023-01-17"
  },
  {
    "id": 27547,
    "name": "Refresco Cola Zero Zero Pack 6 Latas COCA-COLA",
    "description": "Refresco Cola Zero Zero Pack 6 Latas 6 x 0,2 L",
    "category": "Cola",
    "url": "https://tienda.consum.es/es/p/refresco-cola-zero-zero-pack-6-latas/7378359",
    "price": 4.38,
    "reference_price": 3.65,
    "iva": 21,
    "reference_unit": "1 L",
    "date": "2023-01-17"
  },
  {
    "id": 27564,
    "name": "Lavavajillas Concentrado Limpieza e Higiene FROSCH",
    "description": "Lavavajillas Concentrado Limpieza e Higiene 0,75 L",
    "category": "Lavavajillas a mano",
    "url": "https://tienda.consum.es/es/p/lavavajillas-concentrado-limpieza-e-higiene/7383024",
    "price": 2.99,
    "reference_price": 3.99,
    "iva": 21,
    "reference_unit": "1 L",
    "date": "2023-01-17"
  },
  {
    "id": 27569,
    "name": "Colonia A.DE SEVILLA",
    "description": "Colonia 150 ml",
    "category": "Femeninas",
    "url": "https://tienda.consum.es/es/p/colonia/7383958",
    "price": 10.9,
    "reference_price": 7.27,
    "iva": 21,
    "reference_unit": "100 ml",
    "date": "2023-01-17"
  },
  {
    "id": 27570,
    "name": "Esgarraet de Bacalao y Pimientos Asados ANGOMAR",
    "description": "Esgarraet de Bacalao y Pimientos Asados 180 Gr",
    "category": "Surimis y salazones",
    "url": "https://tienda.consum.es/es/p/esgarraet-de-bacalao-y-pimientos-asados/7383961",
    "price": 2.99,
    "reference_price": 16.61,
    "iva": 10,
    "reference_unit": "1 Kg",
    "date": "2023-01-17"
  },
  {
    "id": 27571,
    "name": "Colonia Gotas Frescas INST.ESPAÑOL",
    "description": "Colonia Gotas Frescas 750 ml",
    "category": "Familiar",
    "url": "https://tienda.consum.es/es/p/colonia-gotas-frescas/7383974",
    "price": 7.85,
    "reference_price": 1.05,
    "iva": 21,
    "reference_unit": "100 ml",
    "date": "2023-01-17"
  },
  {
    "id": 27572,
    "name": "Colonia Gold POSEIDON",
    "description": "Colonia Gold 150 ml",
    "category": "Masculinas",
    "url": "https://tienda.consum.es/es/p/colonia-gold/7383982",
    "price": 13.9,
    "reference_price": 9.27,
    "iva": 21,
    "reference_unit": "100 ml",
    "date": "2023-01-17"
  },
  {
    "id": 27574,
    "name": "Guisantes Bío BONDUELLE",
    "description": "Guisantes Bío 2 x 130 Gr",
    "category": "Conservas, aceites y condimentos",
    "url": "https://tienda.consum.es/es/p/guisantes-bio/7384089",
    "price": 2.75,
    "reference_price": 10.58,
    "iva": 10,
    "reference_unit": "1 Kg",
    "date": "2023-01-17"
  },
  {
    "id": 27576,
    "name": "Azúcar Moreno Paquete AZUCARERA",
    "description": "Azúcar Moreno Paquete 1 Kg",
    "category": "Azúcar",
    "url": "https://tienda.consum.es/es/p/azucar-moreno-paquete/7384196",
    "price": 1.7,
    "reference_price": 1.7,
    "iva": 10,
    "reference_unit": "1 Kg",
    "date": "2023-01-17"
  },
  {
    "id": 27585,
    "name": "Mini de Trigo Sarraceno 14,5% 3U ",
    "description": "Mini de Trigo Sarraceno 14,5% 3U 240 Gr",
    "category": "Pan de horno",
    "url": "https://tienda.consum.es/es/p/mini-de-trigo-sarraceno-145-3u/7384535",
    "price": 1.35,
    "reference_price": 5.63,
    "iva": 10,
    "reference_unit": "1 Kg",
    "date": "2023-01-17"
  },
  {
    "id": 27588,
    "name": "Mini Magdalenas con Pepitas Chocolate BAKERY",
    "description": "Mini Magdalenas con Pepitas Chocolate 190 Gr",
    "category": "Bollería industrial",
    "url": "https://tienda.consum.es/es/p/mini-magdalenas-con-pepitas-chocolate/7384670",
    "price": 2.75,
    "reference_price": 14.47,
    "iva": 10,
    "reference_unit": "1 Kg",
    "date": "2023-01-17"
  },
  {
    "id": 27592,
    "name": "Yogur Sabor Vainilla con Bolitas de Chocolate CONSUM KIDS",
    "description": "Yogur Sabor Vainilla con Bolitas de Chocolate 2 x 122 Gr",
    "category": "Petit e infantiles",
    "url": "https://tienda.consum.es/es/p/yogur-sabor-vainilla-con-bolitas-de-chocolate/7360761",
    "price": 1.1,
    "reference_price": 4.4,
    "iva": 10,
    "reference_unit": "1 Kg",
    "date": "2023-01-17"
  },
  {
    "id": 27593,
    "name": "Crema Depilatoria Piel Sensible KYREY",
    "description": "Crema Depilatoria Piel Sensible 200 ml",
    "category": "Crema, gel y spray",
    "url": "https://tienda.consum.es/es/p/crema-depilatoria-piel-sensible/7366602",
    "price": 2.99,
    "reference_price": 1.5,
    "iva": 21,
    "reference_unit": "100 ml",
    "date": "2023-01-17"
  },
  {
    "id": 27594,
    "name": "Crema Depilatoria Hombre KYREY MEN",
    "description": "Crema Depilatoria Hombre 200 ml",
    "category": "Crema, gel y spray",
    "url": "https://tienda.consum.es/es/p/crema-depilatoria-hombre/7366607",
    "price": 2.99,
    "reference_price": 1.5,
    "iva": 21,
    "reference_unit": "100 ml",
    "date": "2023-01-17"
  },
  {
    "id": 27597,
    "name": "Arôme de Fleur Verbena CARAVAN",
    "description": "Arôme de Fleur Verbena 150 ml",
    "category": "Femeninas",
    "url": "https://tienda.consum.es/es/p/arome-de-fleur-verbena/7383214",
    "price": 6.95,
    "reference_price": 4.63,
    "iva": 21,
    "reference_unit": "100 ml",
    "date": "2023-01-17"
  },
  {
    "id": 27598,
    "name": "Arôme de Fleur Flores Blancas CARAVAN",
    "description": "Arôme de Fleur Flores Blancas 150 ml",
    "category": "Femeninas",
    "url": "https://tienda.consum.es/es/p/arome-de-fleur-flores-blancas/7383219",
    "price": 6.95,
    "reference_price": 4.63,
    "iva": 21,
    "reference_unit": "100 ml",
    "date": "2023-01-17"
  },
  {
    "id": 27599,
    "name": "Arôme de Fleur Bouquet Bleu CARAVAN",
    "description": "Arôme de Fleur Bouquet Bleu 150 ml",
    "category": "Femeninas",
    "url": "https://tienda.consum.es/es/p/arome-de-fleur-bouquet-bleu/7383222",
    "price": 6.95,
    "reference_price": 4.63,
    "iva": 21,
    "reference_unit": "100 ml",
    "date": "2023-01-17"
  },
  {
    "id": 27600,
    "name": "Arôme de Fleur Bouquet Bergamota CARAVAN",
    "description": "Arôme de Fleur Bouquet Bergamota 150 ml",
    "category": "Femeninas",
    "url": "https://tienda.consum.es/es/p/arome-de-fleur-bouquet-bergamota/7383227",
    "price": 6.95,
    "reference_price": 4.63,
    "iva": 21,
    "reference_unit": "100 ml",
    "date": "2023-01-17"
  },
  {
    "id": 27601,
    "name": "Arôme de Fleur Bouquet Neroli CARAVAN",
    "description": "Arôme de Fleur Bouquet Neroli 150 ml",
    "category": "Femeninas",
    "url": "https://tienda.consum.es/es/p/arome-de-fleur-bouquet-neroli/7383230",
    "price": 6.95,
    "reference_price": 4.63,
    "iva": 21,
    "reference_unit": "100 ml",
    "date": "2023-01-17"
  },
  {
    "id": 27611,
    "name": "Fuet con Trufa Duroc LEGADO POZO",
    "description": "Fuet con Trufa Duroc 170 Gr",
    "category": "Curado",
    "url": "https://tienda.consum.es/es/p/fuet-con-trufa-duroc/7383599",
    "price": 2.49,
    "reference_price": 14.65,
    "iva": 10,
    "reference_unit": "1 Kg",
    "date": "2023-01-17"
  },
  {
    "id": 27612,
    "name": "Molinillo Ajustable Mezcla Picante Frasco DUCROS",
    "description": "Molinillo Ajustable Mezcla Picante Frasco 29 Gr",
    "category": "Especias",
    "url": "https://tienda.consum.es/es/p/molinillo-ajustable-mezcla-picante-frasco/7383776",
    "price": 3.99,
    "reference_price": 13.76,
    "iva": 10,
    "reference_unit": "100 Gr",
    "date": "2023-01-17"
  },
  {
    "id": 27617,
    "name": "Vino Blanco D.O. Rioja AZPILICUETA",
    "description": "Vino Blanco D.O. Rioja 0,75 L",
    "category": "Vinos d.o",
    "url": "https://tienda.consum.es/es/p/vino-blanco-do-rioja/7384014",
    "price": 7.29,
    "reference_price": 9.72,
    "iva": 21,
    "reference_unit": "1 L",
    "date": "2023-01-17"
  },
  {
    "id": 27619,
    "name": "Panela ECOWASSY",
    "description": "Panela 450 Gr",
    "category": "Azúcar y edulcorantes",
    "url": "https://tienda.consum.es/es/p/panela/7384204",
    "price": 1.6,
    "reference_price": 3.56,
    "iva": 10,
    "reference_unit": "1 Kg",
    "date": "2023-01-17"
  },
  {
    "id": 27633,
    "name": "Mejillones en Salsa Brava GALICA",
    "description": "Mejillones en Salsa Brava 65 Gr",
    "category": "Mejillones",
    "url": "https://tienda.consum.es/es/p/mejillones-en-salsa-brava/7384436",
    "price": 2.15,
    "reference_price": 33.08,
    "iva": 10,
    "reference_unit": "1 Kg",
    "date": "2023-01-17"
  },
  {
    "id": 27634,
    "name": "Hojaldre de Carne 1 Unidad ",
    "description": "Hojaldre de Carne 1 Unidad 130 Gr",
    "category": "Pizzas y hojaldres",
    "url": "https://tienda.consum.es/es/p/hojaldre-de-carne-1-unidad/7384456",
    "price": 1.45,
    "reference_price": 11.15,
    "iva": 10,
    "reference_unit": "1 Kg",
    "date": "2023-01-17"
  },
  {
    "id": 27636,
    "name": "Tabletas Limpiadoras Ortodoncias POLIDENT",
    "description": "Tabletas Limpiadoras Ortodoncias 30 U",
    "category": "Productos protésicos",
    "url": "https://tienda.consum.es/es/p/tabletas-limpiadoras-ortodoncias/7384709",
    "price": 4.95,
    "reference_price": 0.17,
    "iva": 21,
    "reference_unit": "1 U",
    "date": "2023-01-17"
  },
  {
    "id": 27646,
    "name": "Chuleta Vaca Madurada DALICIA",
    "description": "Chuleta Vaca Madurada",
    "category": "Ternera y añojo",
    "url": "https://tienda.consum.es/es/p/chuleta-vaca-madurada/7384019",
    "price": 7.84,
    "reference_price": 28,
    "iva": 10,
    "reference_unit": "1 Kg",
    "date": "2023-01-17"
  },
  {
    "id": 27647,
    "name": "Solomillo Vaca Madurada DALICIA",
    "description": "Solomillo Vaca Madurada",
    "category": "Ternera y añojo",
    "url": "https://tienda.consum.es/es/p/solomillo-vaca-madurada/7384022",
    "price": 10.96,
    "reference_price": 36.5,
    "iva": 10,
    "reference_unit": "1 Kg",
    "date": "2023-01-17"
  },
  {
    "id": 27648,
    "name": "Butifarra Catalana NOEL",
    "description": "Butifarra Catalana 150 Gr",
    "category": "Otros cocidos",
    "url": "https://tienda.consum.es/es/p/butifarra-catalana/7384220",
    "price": 1.69,
    "reference_price": 11.27,
    "iva": 10,
    "reference_unit": "1 Kg",
    "date": "2023-01-17"
  },
  {
    "id": 27649,
    "name": "Mariñas del Norte al Ajillo CABO PEÑAS",
    "description": "Mariñas del Norte al Ajillo 42 Gr",
    "category": "Otras conservas pescado",
    "url": "https://tienda.consum.es/es/p/marinas-del-norte-al-ajillo/7384415",
    "price": 1.59,
    "reference_price": 3.79,
    "iva": 10,
    "reference_unit": "100 Gr",
    "date": "2023-01-17"
  },
  {
    "id": 27658,
    "name": "Ricotta GALBANI",
    "description": "Ricotta 250 Gr",
    "category": "Frescos y para ensaladas",
    "url": "https://tienda.consum.es/es/p/ricotta/7384845",
    "price": 2.39,
    "reference_price": 9.56,
    "iva": 0,
    "reference_unit": "1 Kg",
    "date": "2023-01-17"
  },
  {
    "id": 27660,
    "name": "Pechuga de Pavo Family sin Grasa y Reducida Sal ELPOZO",
    "description": "Pechuga de Pavo Family sin Grasa y Reducida Sal 2 x 200 Gr",
    "category": "Fiambres ave",
    "url": "https://tienda.consum.es/es/p/pechuga-de-pavo-family-sin-grasa-y-reducida-sal/7384894",
    "price": 3.59,
    "reference_price": 8.98,
    "iva": 10,
    "reference_unit": "1 Kg",
    "date": "2023-01-17"
  },
  {
    "id": 27667,
    "name": "Bolitas de Fuet GOIKOA",
    "description": "Bolitas de Fuet 50 Gr",
    "category": "Otros curados",
    "url": "https://tienda.consum.es/es/p/bolitas-de-fuet/7385404",
    "price": 1.25,
    "reference_price": 25,
    "iva": 10,
    "reference_unit": "1 Kg",
    "date": "2023-01-17"
  },
  {
    "id": 27668,
    "name": "Vasos Vela Perfumados Jazmín de Noche AROMATIUM",
    "description": "Vasos Vela Perfumados Jazmín de Noche 2 U",
    "category": "Velas",
    "url": "https://tienda.consum.es/es/p/vasos-vela-perfumados-jazmin-de-noche/7385560",
    "price": 1.99,
    "reference_price": 1,
    "iva": 21,
    "reference_unit": "1 U",
    "date": "2023-01-17"
  },
  {
    "id": 27669,
    "name": "Queso Fundido Lonchas Burguer con Cheddar EL CASERIO",
    "description": "Queso Fundido Lonchas Burguer con Cheddar 185 Gr",
    "category": "Barra y otros nacionales",
    "url": "https://tienda.consum.es/es/p/queso-fundido-lonchas-burguer-con-cheddar/7385615",
    "price": 2.3,
    "reference_price": 12.43,
    "iva": 0,
    "reference_unit": "1 Kg",
    "date": "2023-01-17"
  },
  {
    "id": 27670,
    "name": "Queso Arzúa-Ulloa DOP Peso Aproximado 600 Gr. Q.BARRAL",
    "description": "Queso Arzúa-Ulloa DOP Peso Aproximado 600 Gr. 0,6 Kg",
    "category": "Quesos Curados",
    "url": "https://tienda.consum.es/es/p/queso-arzua-ulloa-dop-peso-aproximado-600-gr/7384592",
    "price": 5.47,
    "reference_price": 9.12,
    "iva": 0,
    "reference_unit": "1 Kg",
    "date": "2023-01-17"
  },
  {
    "id": 27671,
    "name": "Hogaza Sin Gluten Airos Delicatessen ",
    "description": "Hogaza Sin Gluten 250 Gr",
    "category": "Pan de horno",
    "url": "https://tienda.consum.es/es/p/hogaza-sin-gluten-airos-delicatessen/7384662",
    "price": 2.74,
    "reference_price": 10.96,
    "iva": 0,
    "reference_unit": "1 Kg",
    "date": "2023-01-17"
  },
  {
    "id": 27672,
    "name": "Queso Ahumado Aceite Oveja Curado CERRATO",
    "description": "Queso Ahumado Aceite Oveja Curado 250 Gr",
    "category": "Quesos Curados",
    "url": "https://tienda.consum.es/es/p/queso-ahumado-aceite-oveja-curado/7385214",
    "price": 3.26,
    "reference_price": 13.04,
    "iva": 0,
    "reference_unit": "1 Kg",
    "date": "2023-01-17"
  },
  {
    "id": 27682,
    "name": "Polvos Desodorantes Calzado ACHUCHONAS",
    "description": "Polvos Desodorantes Calzado 100 Gr",
    "category": "Limpieza calzado y accesorios",
    "url": "https://tienda.consum.es/es/p/polvos-desodorantes-calzado/7384407",
    "price": 1.99,
    "reference_price": 19.9,
    "iva": 21,
    "reference_unit": "1 Kg",
    "date": "2023-01-17"
  },
  {
    "id": 27684,
    "name": "Cerveza Artesana Botella CONSENTIDA",
    "description": "Cerveza Artesana Botella 0,33 L",
    "category": "Especialidades",
    "url": "https://tienda.consum.es/es/p/cerveza-artesana-botella/7384485",
    "price": 1.59,
    "reference_price": 4.82,
    "iva": 21,
    "reference_unit": "1 L",
    "date": "2023-01-17"
  },
  {
    "id": 27686,
    "name": "Queso Tetilla Dop Peso Aproximado 550 Gr. Q.BARRAL",
    "description": "Queso Tetilla Dop Peso Aproximado 550 Gr. 0,55 Kg",
    "category": "Quesos Curados",
    "url": "https://tienda.consum.es/es/p/queso-tetilla-dop-peso-aproximado-550-gr/7384563",
    "price": 5.05,
    "reference_price": 9.18,
    "iva": 0,
    "reference_unit": "1 Kg",
    "date": "2023-01-17"
  },
  {
    "id": 27693,
    "name": "Perfilador de Cejas Nº104 L'OREAL",
    "description": "Perfilador de Cejas Nº104 1 U",
    "category": "Ojos",
    "url": "https://tienda.consum.es/es/p/perfilador-de-cejas-n104/7384949",
    "price": 12.9,
    "reference_price": 12.9,
    "iva": 21,
    "reference_unit": "1 U",
    "date": "2023-01-17"
  },
  {
    "id": 27694,
    "name": "Perfilador Cejas Micro Nº105 L'OREAL",
    "description": "Perfilador Cejas Micro Nº105 1 U",
    "category": "Ojos",
    "url": "https://tienda.consum.es/es/p/perfilador-cejas-micro-n105/7384951",
    "price": 12.9,
    "reference_price": 12.9,
    "iva": 21,
    "reference_unit": "1 U",
    "date": "2023-01-17"
  },
  {
    "id": 27697,
    "name": "Mini Bombón Toblerone 6 x 36 Gr NESTLE",
    "description": "Mini Bombón Toblerone 6 x 36 Gr. 216 Gr",
    "category": "Bombones",
    "url": "https://tienda.consum.es/es/p/mini-bombon-toblerone-6-x-36-gr/7385115",
    "price": 4.59,
    "reference_price": 21.25,
    "iva": 10,
    "reference_unit": "1 Kg",
    "date": "2023-01-17"
  },
  {
    "id": 27698,
    "name": "Comida Seca Gatos Delice Ave y Verduras BREKKIES",
    "description": "Comida Seca Gatos Delice Ave y Verduras 900 Gr",
    "category": "Seco",
    "url": "https://tienda.consum.es/es/p/comida-seca-gatos-delice-ave-y-verduras/7385529",
    "price": 3.75,
    "reference_price": 4.17,
    "iva": 10,
    "reference_unit": "1 Kg",
    "date": "2023-01-17"
  },
  {
    "id": 27699,
    "name": "Vasos Vela Perfumados Frutas del Bosque AROMATIUM",
    "description": "Vasos Vela Perfumados Frutas del Bosque 2 U",
    "category": "Velas",
    "url": "https://tienda.consum.es/es/p/vasos-vela-perfumados-frutas-del-bosque/7385540",
    "price": 1.99,
    "reference_price": 1,
    "iva": 21,
    "reference_unit": "1 U",
    "date": "2023-01-17"
  },
  {
    "id": 27700,
    "name": "Vela Coco AROMATIUM",
    "description": "Vela Coco 1 U",
    "category": "Velas",
    "url": "https://tienda.consum.es/es/p/vela-coco/7385557",
    "price": 1.99,
    "reference_price": 1.99,
    "iva": 21,
    "reference_unit": "1 U",
    "date": "2023-01-17"
  },
  {
    "id": 27701,
    "name": "Set Vasos Vela Maxi Chai Latte AROMATIUM",
    "description": "Set Vasos Vela Maxi Chai Latte 1 U",
    "category": "Velas",
    "url": "https://tienda.consum.es/es/p/set-vasos-vela-maxi-chai-latte/7385565",
    "price": 3.99,
    "reference_price": 3.99,
    "iva": 21,
    "reference_unit": "1 U",
    "date": "2023-01-17"
  },
  {
    "id": 27702,
    "name": "Vela Candy Cotton Enjoy AROMATIUM",
    "description": "Vela Candy Cotton Enjoy 1 U",
    "category": "Velas",
    "url": "https://tienda.consum.es/es/p/vela-candy-cotton-enjoy/7385573",
    "price": 2.59,
    "reference_price": 2.59,
    "iva": 21,
    "reference_unit": "1 U",
    "date": "2023-01-17"
  },
  {
    "id": 27703,
    "name": "Vela Vainilla Spice Enjoy AROMATIUM",
    "description": "Vela Vainilla Spice Enjoy 1 U",
    "category": "Velas",
    "url": "https://tienda.consum.es/es/p/vela-vainilla-spice-enjoy/7385578",
    "price": 2.59,
    "reference_price": 2.59,
    "iva": 21,
    "reference_unit": "1 U",
    "date": "2023-01-17"
  },
  {
    "id": 27704,
    "name": "Queso Semicurado Old Amsterdam Cortadas WESTLAND",
    "description": "Queso Semicurado Old Amsterdam Cortadas 200 Gr",
    "category": "Bola, edam, gouda, maasdam",
    "url": "https://tienda.consum.es/es/p/queso-semicurado-old-amsterdam-cortadas/7385607",
    "price": 3.89,
    "reference_price": 19.45,
    "iva": 0,
    "reference_unit": "1 Kg",
    "date": "2023-01-17"
  },
  {
    "id": 27710,
    "name": "Lavavajillas Mano Original MISTOL",
    "description": "Lavavajillas Mano Original 0,9 L",
    "category": "Lavavajillas a mano",
    "url": "https://tienda.consum.es/es/p/lavavajillas-mano-original/7385706",
    "price": 2.19,
    "reference_price": 2.43,
    "iva": 21,
    "reference_unit": "1 L",
    "date": "2023-01-17"
  },
  {
    "id": 27712,
    "name": "Ambientador Baño Flores Elegantes AMBIPUR",
    "description": "Ambientador Baño Flores Elegantes 1 U",
    "category": "Continuos y decorativos",
    "url": "https://tienda.consum.es/es/p/ambientador-bano-flores-elegantes/7385763",
    "price": 3.99,
    "reference_price": 3.99,
    "iva": 21,
    "reference_unit": "1 U",
    "date": "2023-01-17"
  },
  {
    "id": 27714,
    "name": "Comida Seca Perro Razas Pequeñas Light VITALITY",
    "description": "Comida Seca Perro Razas Pequeñas Light 2 Kg",
    "category": "Seco",
    "url": "https://tienda.consum.es/es/p/comida-seca-perro-razas-pequenas-light/7363323",
    "price": 5.79,
    "reference_price": 2.9,
    "iva": 10,
    "reference_unit": "1 Kg",
    "date": "2023-01-17"
  },
  {
    "id": 27715,
    "name": "Comida Seca Gato Salmón Fresco VITALITY",
    "description": "Comida Seca Gato Salmón Fresco 1,5 Kg",
    "category": "Seco",
    "url": "https://tienda.consum.es/es/p/comida-seca-gato-salmon-fresco/7363331",
    "price": 5.3,
    "reference_price": 3.53,
    "iva": 10,
    "reference_unit": "1 Kg",
    "date": "2023-01-17"
  },
  {
    "id": 27716,
    "name": "Guisantes Superfinos congelados FINDUS",
    "description": "Guisantes Superfinos congelados 550 Gr",
    "category": "Guisantes, judías y habas",
    "url": "https://tienda.consum.es/es/p/guisantes-superfinos-congelados/7379571",
    "price": 3.45,
    "reference_price": 6.27,
    "iva": 0,
    "reference_unit": "1 Kg",
    "date": "2023-01-17"
  },
  {
    "id": 27718,
    "name": "Pastillas Lavavajillas Excellence SOMAT",
    "description": "Pastillas Lavavajillas Excellence 18+3",
    "category": "Lavavajillas a máquina",
    "url": "https://tienda.consum.es/es/p/pastillas-lavavajillas-excellence/7384928",
    "price": 6.49,
    "reference_price": 0.31,
    "iva": 21,
    "reference_unit": "1 Do",
    "date": "2023-01-17"
  },
  {
    "id": 27719,
    "name": "Vela Clean Cotton AROMATIUM",
    "description": "Vela Clean Cotton 1 U",
    "category": "Velas",
    "url": "https://tienda.consum.es/es/p/vela-clean-cotton/7385532",
    "price": 1.99,
    "reference_price": 1.99,
    "iva": 21,
    "reference_unit": "1 U",
    "date": "2023-01-17"
  },
  {
    "id": 27720,
    "name": "Set Vasos Vela Maxi Fresa y Nata AROMATIUM",
    "description": "Set Vasos Vela Maxi Fresa y Nata 2 U",
    "category": "Velas",
    "url": "https://tienda.consum.es/es/p/set-vasos-vela-maxi-fresa-y-nata/7385545",
    "price": 3.99,
    "reference_price": 2,
    "iva": 21,
    "reference_unit": "1 U",
    "date": "2023-01-17"
  },
  {
    "id": 27721,
    "name": "Vasos Vela Perfumados Antiolores AROMATIUM",
    "description": "Vasos Vela Perfumados Antiolores 2 U",
    "category": "Velas",
    "url": "https://tienda.consum.es/es/p/vasos-vela-perfumados-antiolores/7385552",
    "price": 3.99,
    "reference_price": 2,
    "iva": 21,
    "reference_unit": "1 U",
    "date": "2023-01-17"
  },
  {
    "id": 27722,
    "name": "Garbanzo Cocido Origen 100% Nacional LUENGO",
    "description": "Garbanzo Cocido Origen 100% Nacional 400 Gr",
    "category": "Garbanzos",
    "url": "https://tienda.consum.es/es/p/garbanzo-cocido-origen-100-nacional/7385771",
    "price": 1.5,
    "reference_price": 3.75,
    "iva": 10,
    "reference_unit": "1 Kg",
    "date": "2023-01-17"
  },
  {
    "id": 27723,
    "name": "Comida Húmeda Perros Bocaditos Buey en Salsa SIMBA",
    "description": "Comida Húmeda Perros Bocaditos Buey en Salsa 1,23 Kg",
    "category": "Húmedo",
    "url": "https://tienda.consum.es/es/p/comida-humeda-perros-bocaditos-buey-en-salsa/7385805",
    "price": 1.4,
    "reference_price": 1.14,
    "iva": 10,
    "reference_unit": "1 Kg",
    "date": "2023-01-17"
  },
  {
    "id": 27724,
    "name": "Comida Húmeda Perros Bocaditos Pollo en Salsa\t SIMBA",
    "description": "Comida Húmeda Perros Bocaditos Pollo en Salsa\t 1,23 Kg",
    "category": "Húmedo",
    "url": "https://tienda.consum.es/es/p/comida-humeda-perros-bocaditos-pollo-en-salsa\t/7385813",
    "price": 1.4,
    "reference_price": 1.14,
    "iva": 10,
    "reference_unit": "1 Kg",
    "date": "2023-01-17"
  },
  {
    "id": 27725,
    "name": "Comida Húmeda Gatos Bocaditos Buey en Salsa\t SIMBA",
    "description": "Comida Húmeda Gatos Bocaditos Buey en Salsa\t 415 Gr",
    "category": "Húmedo",
    "url": "https://tienda.consum.es/es/p/comida-humeda-gatos-bocaditos-buey-en-salsa\t/7385818",
    "price": 0.62,
    "reference_price": 1.49,
    "iva": 10,
    "reference_unit": "1 Kg",
    "date": "2023-01-17"
  },
  {
    "id": 27726,
    "name": "Comida Húmeda Gatos Bocaditos Atún en Salsa\t SIMBA",
    "description": "Comida Húmeda Gatos Bocaditos Atún en Salsa\t 415 Gr",
    "category": "Húmedo",
    "url": "https://tienda.consum.es/es/p/comida-humeda-gatos-bocaditos-atun-en-salsa\t/7385821",
    "price": 0.62,
    "reference_price": 1.49,
    "iva": 10,
    "reference_unit": "1 Kg",
    "date": "2023-01-17"
  },
  {
    "id": 27730,
    "name": "Cortaditas Queso Tierno sin Lactosa EL VENTERO",
    "description": "Cortaditas Queso Tierno sin Lactosa 200 Gr",
    "category": "Tiernos y light",
    "url": "https://tienda.consum.es/es/p/cortaditas-queso-tierno-sin-lactosa/7386048",
    "price": 3.16,
    "reference_price": 15.8,
    "iva": 0,
    "reference_unit": "1 Kg",
    "date": "2023-01-17"
  },
  {
    "id": 27731,
    "name": "Vino Blanco D.O. Monterrei ABILLEIRA",
    "description": "Vino Blanco D.O. Monterrei 0,75 L",
    "category": "Vinos d.o",
    "url": "https://tienda.consum.es/es/p/vino-blanco-do-monterrei/7386068",
    "price": 5.3,
    "reference_price": 7.07,
    "iva": 21,
    "reference_unit": "1 L",
    "date": "2023-01-17"
  },
  {
    "id": 27740,
    "name": "Huevos S/M Medianos 24 Unidades MONTERDE",
    "description": "Huevos S/M Medianos 24 Unidades 2 Dc",
    "category": "Huevos",
    "url": "https://tienda.consum.es/es/p/huevos-s/m-medianos-24-unidades/7385631",
    "price": 3.64,
    "reference_price": 1.82,
    "iva": 0,
    "reference_unit": "1 Dc",
    "date": "2023-01-17"
  },
  {
    "id": 27742,
    "name": "Pastel Tiramisú ",
    "description": "Pastel Tiramisú 125 Gr",
    "category": "Repostería ",
    "url": "https://tienda.consum.es/es/p/pastel-tiramisu/7386035",
    "price": 2.29,
    "reference_price": 18.32,
    "iva": 10,
    "reference_unit": "1 Kg",
    "date": "2023-01-17"
  },
  {
    "id": 27743,
    "name": "Ambientador Mikado Tuberosa-Bergamota AMBIENTAIR",
    "description": "Ambientador Mikado Tuberosa-Bergamota 1 U",
    "category": "Continuos y decorativos",
    "url": "https://tienda.consum.es/es/p/ambientador-mikado-tuberosa-bergamota/7386154",
    "price": 4.95,
    "reference_price": 4.95,
    "iva": 21,
    "reference_unit": "1 U",
    "date": "2023-01-17"
  },
  {
    "id": 27744,
    "name": "Ambientador Mikados Jazmín AMBIENTAIR",
    "description": "Ambientador Mikados Jazmín 1 U",
    "category": "Continuos y decorativos",
    "url": "https://tienda.consum.es/es/p/ambientador-mikados-jazmin/7386159",
    "price": 4.95,
    "reference_price": 4.95,
    "iva": 21,
    "reference_unit": "1 U",
    "date": "2023-01-17"
  },
  {
    "id": 27747,
    "name": "Aceituna Rellena Sabor Vermut JOLCA",
    "description": "Aceituna Rellena Sabor Vermut 150 Gr",
    "category": "Aceitunas sin hueso",
    "url": "https://tienda.consum.es/es/p/aceituna-rellena-sabor-vermut/7386410",
    "price": 2.15,
    "reference_price": 14.33,
    "iva": 10,
    "reference_unit": "1 Kg",
    "date": "2023-01-17"
  },
  {
    "id": 27748,
    "name": "Té Negro con Canela 20 Bolsitas POMPADOUR",
    "description": "Té Negro con Canela 20 Bolsitas 20 U",
    "category": "Té",
    "url": "https://tienda.consum.es/es/p/te-negro-con-canela-20-bolsitas/7386597",
    "price": 2.5,
    "reference_price": 0.13,
    "iva": 10,
    "reference_unit": "1 U",
    "date": "2023-01-17"
  },
  {
    "id": 27752,
    "name": "Crema Manos Oliva Pieles Secas KYREY",
    "description": "Crema Manos Oliva Pieles Secas 100 ml",
    "category": "Cuidado manos y pies",
    "url": "https://tienda.consum.es/es/p/crema-manos-oliva-pieles-secas/7364466",
    "price": 1.5,
    "reference_price": 1.5,
    "iva": 21,
    "reference_unit": "100 ml",
    "date": "2023-01-17"
  },
  {
    "id": 27753,
    "name": "Recambio Cross Action ORAL B",
    "description": "Recambio Cross Action 4 U",
    "category": "Cepillos de dientes",
    "url": "https://tienda.consum.es/es/p/recambio-cross-action/7377489",
    "price": 20.5,
    "reference_price": 5.13,
    "iva": 21,
    "reference_unit": "1 U",
    "date": "2023-01-17"
  },
  {
    "id": 27754,
    "name": "Palomitas Microondas Sal Bolsa CONSUM",
    "description": "Palomitas Microondas Sal Bolsa 3 x 90 Gr",
    "category": "Snacks y otros aperitivos",
    "url": "https://tienda.consum.es/es/p/palomitas-microondas-sal-bolsa/7377786",
    "price": 1.1,
    "reference_price": 4.07,
    "iva": 10,
    "reference_unit": "1 Kg",
    "date": "2023-01-17"
  },
  {
    "id": 27756,
    "name": "Mousse de Pato Pimienta Negra DU PRINCE",
    "description": "Mousse de Pato Pimienta Negra 75 Gr",
    "category": "Foie y patés ",
    "url": "https://tienda.consum.es/es/p/mousse-de-pato-pimienta-negra/7384324",
    "price": 1.15,
    "reference_price": 15.33,
    "iva": 10,
    "reference_unit": "1 Kg",
    "date": "2023-01-17"
  },
  {
    "id": 27762,
    "name": "Kit Fajitas + Relleno Pulled Pork BBQ SELECT CHEF",
    "description": "Kit Fajitas + Relleno Pulled Pork BBQ 350 Gr",
    "category": "De carne o pescado",
    "url": "https://tienda.consum.es/es/p/kit-fajitas-relleno-pulled-pork-bbq/7385797",
    "price": 3.95,
    "reference_price": 11.29,
    "iva": 10,
    "reference_unit": "1 Kg",
    "date": "2023-01-17"
  },
  {
    "id": 27764,
    "name": "Atún Claro Aceite Girasol Pack de 3 CALVO",
    "description": "Atún Claro Aceite Girasol Pack de 3 3 x 52 Gr",
    "category": "Atún y bonito",
    "url": "https://tienda.consum.es/es/p/atun-claro-aceite-girasol-pack-de-3/7386423",
    "price": 3.29,
    "reference_price": 21.09,
    "iva": 10,
    "reference_unit": "1 Kg",
    "date": "2023-01-17"
  },
  {
    "id": 27765,
    "name": "Atún Claro Aceite Girasol Pack de 6 CALVO",
    "description": "Atún Claro Aceite Girasol Pack de 6 6 x 52 Gr",
    "category": "Atún y bonito",
    "url": "https://tienda.consum.es/es/p/atun-claro-aceite-girasol-pack-de-6/7386428",
    "price": 5.99,
    "reference_price": 19.2,
    "iva": 10,
    "reference_unit": "1 Kg",
    "date": "2023-01-17"
  },
  {
    "id": 27768,
    "name": "Queso Sandwich Fundido Lonchas JUAN LUNA",
    "description": "Queso Sandwich Fundido Lonchas 160 Gr",
    "category": "Barra y otros nacionales",
    "url": "https://tienda.consum.es/es/p/queso-sandwich-fundido-lonchas/7386741",
    "price": 1.49,
    "reference_price": 9.31,
    "iva": 0,
    "reference_unit": "1 Kg",
    "date": "2023-01-17"
  },
  {
    "id": 27770,
    "name": "Gel Urea KYREY",
    "description": "Gel Urea 500 ml",
    "category": "Gel de baño",
    "url": "https://tienda.consum.es/es/p/gel-urea/7363968",
    "price": 2,
    "reference_price": 4,
    "iva": 21,
    "reference_unit": "1 L",
    "date": "2023-01-17"
  },
  {
    "id": 27771,
    "name": "Gel Piel Atópica KYREY",
    "description": "Gel Piel Atópica 500 ml",
    "category": "Gel de baño",
    "url": "https://tienda.consum.es/es/p/gel-piel-atopica/7363971",
    "price": 3.5,
    "reference_price": 7,
    "iva": 21,
    "reference_unit": "1 L",
    "date": "2023-01-17"
  },
  {
    "id": 27772,
    "name": "Cuchara de Cocina Nylon Expert SAN IGNACIO",
    "description": "Cuchara de Cocina Nylon Expert 1 U",
    "category": "Menaje cocina",
    "url": "https://tienda.consum.es/es/p/cuchara-de-cocina-nylon-expert/7372860",
    "price": 3.79,
    "reference_price": 3.79,
    "iva": 21,
    "reference_unit": "1 U",
    "date": "2023-01-17"
  },
  {
    "id": 27773,
    "name": "Cazo de Sopa Nylon Expert SAN IGNACIO",
    "description": "Cazo de Sopa Nylon Expert 1 U",
    "category": "Menaje cocina",
    "url": "https://tienda.consum.es/es/p/cazo-de-sopa-nylon-expert/7372865",
    "price": 3.79,
    "reference_price": 3.79,
    "iva": 21,
    "reference_unit": "1 U",
    "date": "2023-01-17"
  },
  {
    "id": 27774,
    "name": "Palomitas Microondas Mantequilla Bolsa CONSUM",
    "description": "Palomitas Microondas Mantequilla Bolsa 3 x 90 Gr",
    "category": "Snacks y otros aperitivos",
    "url": "https://tienda.consum.es/es/p/palomitas-microondas-mantequilla-bolsa/7374536",
    "price": 1.35,
    "reference_price": 5,
    "iva": 10,
    "reference_unit": "1 Kg",
    "date": "2023-01-17"
  },
  {
    "id": 27775,
    "name": "Maxi Petit Fresa, Plátano y Fresa-Plátano CONSUM KIDS",
    "description": "Maxi Petit Fresa, Plátano y Fresa-Plátano 6 x 100 Gr",
    "category": "Petit e infantiles",
    "url": "https://tienda.consum.es/es/p/maxi-petit-fresa-platano-y-fresa-platano/7376978",
    "price": 1.53,
    "reference_price": 2.55,
    "iva": 0,
    "reference_unit": "1 Kg",
    "date": "2023-01-17"
  },
  {
    "id": 27777,
    "name": "Cerveza Artesana Botella MANITO",
    "description": "Cerveza Artesana Botella 0,33 L",
    "category": "Especialidades",
    "url": "https://tienda.consum.es/es/p/cerveza-artesana-botella/7384493",
    "price": 1.35,
    "reference_price": 4.09,
    "iva": 21,
    "reference_unit": "1 L",
    "date": "2023-01-17"
  },
  {
    "id": 27783,
    "name": "Cereales Choco Krispies Chocos KELLOGG'S",
    "description": "Cereales Choco Krispies Chocos 450 Gr",
    "category": "Cereales",
    "url": "https://tienda.consum.es/es/p/cereales-choco-krispies-chocos/7385409",
    "price": 3,
    "reference_price": 6.67,
    "iva": 10,
    "reference_unit": "1 Kg",
    "date": "2023-01-17"
  },
  {
    "id": 27784,
    "name": "Hélices de Lenteja Roja sin Gluten GALLO",
    "description": "Hélices de Lenteja Roja sin Gluten 250 Gr",
    "category": "Pastas",
    "url": "https://tienda.consum.es/es/p/helices-de-lenteja-roja-sin-gluten/7385776",
    "price": 1.77,
    "reference_price": 7.08,
    "iva": 5,
    "reference_unit": "1 Kg",
    "date": "2023-01-17"
  },
  {
    "id": 27785,
    "name": "Pasta de Trigo Sarraceno Paquete ROMERO",
    "description": "Pasta de Trigo Sarraceno Paquete 250 Gr",
    "category": "Pastas",
    "url": "https://tienda.consum.es/es/p/pasta-de-trigo-sarraceno-paquete/7385784",
    "price": 1.61,
    "reference_price": 6.44,
    "iva": 5,
    "reference_unit": "1 Kg",
    "date": "2023-01-17"
  },
  {
    "id": 27786,
    "name": "San Jacobo Horneable congelado FRIPOZO",
    "description": "San Jacobo Horneable congelado 320 Gr",
    "category": "Carne, verduras y otros",
    "url": "https://tienda.consum.es/es/p/san-jacobo-horneable-congelado/7385842",
    "price": 2.79,
    "reference_price": 8.72,
    "iva": 10,
    "reference_unit": "1 Kg",
    "date": "2023-01-17"
  },
  {
    "id": 27787,
    "name": "Crema Depilatoria Piel Sensible Torso y Cuerpo VEET",
    "description": "Crema Depilatoria Piel Sensible Torso y Cuerpo 400 ml",
    "category": "Crema, gel y spray",
    "url": "https://tienda.consum.es/es/p/crema-depilatoria-piel-sensible-torso-y-cuerpo/7385958",
    "price": 9.95,
    "reference_price": 2.49,
    "iva": 21,
    "reference_unit": "100 ml",
    "date": "2023-01-17"
  },
  {
    "id": 27790,
    "name": "Plato Desechable 20 cm Caña de Azúcar ECOLINE",
    "description": "Plato Desechable 20 cm Caña de Azúcar 12 U",
    "category": "Cubiertos, vasos y vajilla",
    "url": "https://tienda.consum.es/es/p/plato-desechable-20-cm-cana-de-azucar/7386774",
    "price": 2.55,
    "reference_price": 0.21,
    "iva": 21,
    "reference_unit": "1 U",
    "date": "2023-01-17"
  },
  {
    "id": 27793,
    "name": "Nata Montada Spray Bote CHANTILLY",
    "description": "Nata Montada Spray Bote 250 Gr",
    "category": "Nata",
    "url": "https://tienda.consum.es/es/p/nata-montada-spray-bote/7387087",
    "price": 1.75,
    "reference_price": 7,
    "iva": 10,
    "reference_unit": "1 Kg",
    "date": "2023-01-17"
  },
  {
    "id": 27794,
    "name": "Champú Reductor de Canas CONTROL GX",
    "description": "Champú Reductor de Canas 118 ml",
    "category": "Coloración",
    "url": "https://tienda.consum.es/es/p/champu-reductor-de-canas/7387178",
    "price": 11.5,
    "reference_price": 9.75,
    "iva": 21,
    "reference_unit": "100 ml",
    "date": "2023-01-17"
  },
  {
    "id": 27800,
    "name": "Guisante y Zanahoria Pack de 3 BONDUELLE",
    "description": "Guisante y Zanahoria Pack de 3 3 x 130 Gr",
    "category": "Conservas, aceites y condimentos",
    "url": "https://tienda.consum.es/es/p/guisante-y-zanahoria-pack-de-3/7387314",
    "price": 3.45,
    "reference_price": 8.85,
    "iva": 10,
    "reference_unit": "1 Kg",
    "date": "2023-01-17"
  },
  {
    "id": 27802,
    "name": "Toallitas Multiusos Limón DON LIMPIO",
    "description": "Toallitas Multiusos Limón 24 U",
    "category": "Limpieza hogar",
    "url": "https://tienda.consum.es/es/p/toallitas-multiusos-limon/7387421",
    "price": 1.99,
    "reference_price": 0.08,
    "iva": 21,
    "reference_unit": "1 U",
    "date": "2023-01-17"
  },
  {
    "id": 27803,
    "name": "Palomitas Microondas Dulces Bolsa CONSUM",
    "description": "Palomitas Microondas Dulces Bolsa 3 x 90 Gr",
    "category": "Snacks y otros aperitivos",
    "url": "https://tienda.consum.es/es/p/palomitas-microondas-dulces-bolsa/7374544",
    "price": 1.7,
    "reference_price": 6.3,
    "iva": 10,
    "reference_unit": "1 Kg",
    "date": "2023-01-17"
  },
  {
    "id": 27806,
    "name": "Clara de Huevo Botella MONTERDE",
    "description": "Clara de Huevo Botella 300 ml",
    "category": "Huevos",
    "url": "https://tienda.consum.es/es/p/clara-de-huevo-botella/7385719",
    "price": 1.55,
    "reference_price": 5.17,
    "iva": 10,
    "reference_unit": "1 L",
    "date": "2023-01-17"
  },
  {
    "id": 27807,
    "name": "Clara de Huevo Botella MONTERDE",
    "description": "Clara de Huevo Botella 1 L",
    "category": "Huevos",
    "url": "https://tienda.consum.es/es/p/clara-de-huevo-botella/7385722",
    "price": 2.95,
    "reference_price": 2.95,
    "iva": 10,
    "reference_unit": "1 L",
    "date": "2023-01-17"
  },
  {
    "id": 27808,
    "name": "Arroz con Mucho Pavo congelado FRIPOZO",
    "description": "Arroz con Mucho Pavo congelado 500 Gr",
    "category": "Carne, verduras y otros",
    "url": "https://tienda.consum.es/es/p/arroz-con-mucho-pavo-congelado/7385839",
    "price": 2.15,
    "reference_price": 4.3,
    "iva": 10,
    "reference_unit": "1 Kg",
    "date": "2023-01-17"
  },
  {
    "id": 27820,
    "name": "Colonia Pour Homme Nº59 CARAVAN",
    "description": "Colonia Pour Homme Nº59 150 ml",
    "category": "Masculinas",
    "url": "https://tienda.consum.es/es/p/colonia-pour-homme-n59/7387004",
    "price": 10.95,
    "reference_price": 7.3,
    "iva": 21,
    "reference_unit": "100 ml",
    "date": "2023-01-17"
  },
  {
    "id": 27821,
    "name": "Lápiz de Cejas Nº04 MAYBELLINE",
    "description": "Lápiz de Cejas Nº04 1 U",
    "category": "Ojos",
    "url": "https://tienda.consum.es/es/p/lapiz-de-cejas-n04/7387012",
    "price": 7.99,
    "reference_price": 7.99,
    "iva": 21,
    "reference_unit": "1 U",
    "date": "2023-01-17"
  },
  {
    "id": 27822,
    "name": "Lápiz de Cejas Nº25 MAYBELLINE",
    "description": "Lápiz de Cejas Nº25 1 U",
    "category": "Ojos",
    "url": "https://tienda.consum.es/es/p/lapiz-de-cejas-n25/7387017",
    "price": 7.99,
    "reference_price": 7.99,
    "iva": 21,
    "reference_unit": "1 U",
    "date": "2023-01-17"
  },
  {
    "id": 27823,
    "name": "Colonia Pour Femme Nº85 CARAVAN",
    "description": "Colonia Pour Femme Nº85 150 ml",
    "category": "Femeninas",
    "url": "https://tienda.consum.es/es/p/colonia-pour-femme-n85/7387020",
    "price": 10.95,
    "reference_price": 7.3,
    "iva": 21,
    "reference_unit": "100 ml",
    "date": "2023-01-17"
  },
  {
    "id": 27824,
    "name": "Lápiz de Cejas Nº2 MAYBELLINE",
    "description": "Lápiz de Cejas Nº2 1 U",
    "category": "Ojos",
    "url": "https://tienda.consum.es/es/p/lapiz-de-cejas-n2/7387025",
    "price": 7.99,
    "reference_price": 7.99,
    "iva": 21,
    "reference_unit": "1 U",
    "date": "2023-01-17"
  },
  {
    "id": 27832,
    "name": "Snack Fuet Extra JUAN LUNA",
    "description": "Snack Fuet Extra 90 Gr",
    "category": "Curado",
    "url": "https://tienda.consum.es/es/p/snack-fuet-extra/7387343",
    "price": 1.89,
    "reference_price": 21,
    "iva": 10,
    "reference_unit": "1 Kg",
    "date": "2023-01-17"
  },
  {
    "id": 27847,
    "name": "Mejillón en Escabeche 8/12 Piezas Abre Fácil CALVO",
    "description": "Mejillón en Escabeche 8/12 Piezas Abre Fácil 69 Gr",
    "category": "Mejillones",
    "url": "https://tienda.consum.es/es/p/mejillon-en-escabeche-8/12-piezas-abre-facil/7387678",
    "price": 3.55,
    "reference_price": 51.45,
    "iva": 10,
    "reference_unit": "1 Kg",
    "date": "2023-01-17"
  },
  {
    "id": 27850,
    "name": "Mask Tissu Ojos Reduce Bolsas y Ojeras GARNIER",
    "description": "Mask Tissu Ojos Reduce Bolsas y Ojeras 1 U",
    "category": "Tratamiento",
    "url": "https://tienda.consum.es/es/p/mask-tissu-ojos-reduce-bolsas-y-ojeras/7387744",
    "price": 2.49,
    "reference_price": 2.49,
    "iva": 21,
    "reference_unit": "1 U",
    "date": "2023-01-17"
  },
  {
    "id": 27851,
    "name": "Toallitas Desmaquillantes Rostro Ojos y Labios NAT.HONEY",
    "description": "Toallitas Desmaquillantes Rostro Ojos y Labios 30 U",
    "category": "Limpieza y desmaquilladores",
    "url": "https://tienda.consum.es/es/p/toallitas-desmaquillantes-rostro-ojos-y-labios/7387769",
    "price": 2.95,
    "reference_price": 0.1,
    "iva": 21,
    "reference_unit": "1 U",
    "date": "2023-01-17"
  },
  {
    "id": 27913,
    "name": "Colonia Pour Homme Nº62 CARAVAN",
    "description": "Colonia Pour Homme Nº62 150 ml",
    "category": "Femeninas",
    "url": "https://tienda.consum.es/es/p/colonia-pour-homme-n62/7387009",
    "price": 10.95,
    "reference_price": 7.3,
    "iva": 21,
    "reference_unit": "100 ml",
    "date": "2023-01-17"
  },
  {
    "id": 27914,
    "name": "Set Herméticos 600 ml Cuadrados CONSERVERS",
    "description": "Set Herméticos 600 ml Cuadrados 5 U",
    "category": "Conservación alimentos",
    "url": "https://tienda.consum.es/es/p/set-hermeticos-600-ml-cuadrados/7387116",
    "price": 2.49,
    "reference_price": 0.5,
    "iva": 21,
    "reference_unit": "1 U",
    "date": "2023-01-17"
  },
  {
    "id": 27915,
    "name": "Set Herméticos 1 L Rectangular CONSERVERS",
    "description": "Set Herméticos 1 L Rectangular 5 U",
    "category": "Conservación alimentos",
    "url": "https://tienda.consum.es/es/p/set-hermeticos-1-l-rectangular/7387132",
    "price": 2.25,
    "reference_price": 0.45,
    "iva": 21,
    "reference_unit": "1 U",
    "date": "2023-01-17"
  },
  {
    "id": 27916,
    "name": "Set Herméticos 1,3 L Rectangulares CONSERVERS",
    "description": "Set Herméticos 1,3 L Rectangulares 4 U",
    "category": "Conservación alimentos",
    "url": "https://tienda.consum.es/es/p/set-hermeticos-13-l-rectangulares/7387137",
    "price": 2.99,
    "reference_price": 0.75,
    "iva": 21,
    "reference_unit": "1 U",
    "date": "2023-01-17"
  },
  {
    "id": 27917,
    "name": "Hermético 1,1 L Cuadrado Superlock CONSERVERS",
    "description": "Hermético 1,1 L Cuadrado Superlock 1 U",
    "category": "Conservación alimentos",
    "url": "https://tienda.consum.es/es/p/hermetico-11-l-cuadrado-superlock/7387140",
    "price": 2.99,
    "reference_price": 2.99,
    "iva": 21,
    "reference_unit": "1 U",
    "date": "2023-01-17"
  },
  {
    "id": 27918,
    "name": "Hermético 1,9 L Rectangular Superlock CONSERVERS",
    "description": "Hermético 1,9 L Rectangular Superlock 1 U",
    "category": "Conservación alimentos",
    "url": "https://tienda.consum.es/es/p/hermetico-19-l-rectangular-superlock/7387145",
    "price": 3.99,
    "reference_price": 3.99,
    "iva": 21,
    "reference_unit": "1 U",
    "date": "2023-01-17"
  },
  {
    "id": 27919,
    "name": "Cubo Ovalado 12 L con Escurridor MIK",
    "description": "Cubo Ovalado 12 L con Escurridor 1 U",
    "category": "Cubos y barreños",
    "url": "https://tienda.consum.es/es/p/cubo-ovalado-12-l-con-escurridor/7387157",
    "price": 4.19,
    "reference_price": 4.19,
    "iva": 21,
    "reference_unit": "1 U",
    "date": "2023-01-17"
  },
  {
    "id": 27921,
    "name": "Mini Taquitos de Jamón ARGAL",
    "description": "Mini Taquitos de Jamón 2 x 55 Gr",
    "category": "Jamón",
    "url": "https://tienda.consum.es/es/p/mini-taquitos-de-jamon/7387504",
    "price": 1.95,
    "reference_price": 17.73,
    "iva": 10,
    "reference_unit": "1 Kg",
    "date": "2023-01-17"
  },
  {
    "id": 27923,
    "name": "Colonia Femenina Sisterland Raspberry BENETTON",
    "description": "Colonia Femenina Sisterland Raspberry 80 ml",
    "category": "Femeninas",
    "url": "https://tienda.consum.es/es/p/colonia-femenina-sisterland-raspberry/7387772",
    "price": 13.9,
    "reference_price": 17.38,
    "iva": 21,
    "reference_unit": "100 ml",
    "date": "2023-01-17"
  },
  {
    "id": 27925,
    "name": "Gel de Baño Activit LACTOVIT",
    "description": "Gel de Baño Activit 600 ml",
    "category": "Gel de baño",
    "url": "https://tienda.consum.es/es/p/gel-de-bano-activit/7387959",
    "price": 2.75,
    "reference_price": 0.46,
    "iva": 21,
    "reference_unit": "100 ml",
    "date": "2023-01-17"
  },
  {
    "id": 27926,
    "name": "Dentífrico Niños Total 7-12 Años COLGATE",
    "description": "Dentífrico Niños Total 7-12 Años 50 ml",
    "category": "Dentífricos",
    "url": "https://tienda.consum.es/es/p/dentifrico-ninos-total-7-12-anos/7388010",
    "price": 2.25,
    "reference_price": 4.5,
    "iva": 21,
    "reference_unit": "100 ml",
    "date": "2023-01-17"
  },
  {
    "id": 27940,
    "name": "Mejillón Gigante Malla Peso Aproximado ",
    "description": "Mejillón Gigante Malla Peso Aproximado 1 Kg",
    "category": "Marisco",
    "url": "https://tienda.consum.es/es/p/mejillon-gigante-malla-peso-aproximado/7173297",
    "price": 3.95,
    "reference_price": 3.95,
    "iva": 10,
    "reference_unit": "1 Kg",
    "date": "2023-01-17"
  },
  {
    "id": 27941,
    "name": "Quitamanchas Ropa Blanca CONSUM",
    "description": "Quitamanchas Ropa Blanca 0,9 Kg",
    "category": "Aditivos y complementos",
    "url": "https://tienda.consum.es/es/p/quitamanchas-ropa-blanca/7376965",
    "price": 2.79,
    "reference_price": 3.1,
    "iva": 21,
    "reference_unit": "1 Kg",
    "date": "2023-01-17"
  },
  {
    "id": 27942,
    "name": "Quitamanchas Ropa Color CONSUM",
    "description": "Quitamanchas Ropa Color 0,9 Kg",
    "category": "Aditivos y complementos",
    "url": "https://tienda.consum.es/es/p/quitamanchas-ropa-color/7376973",
    "price": 2.79,
    "reference_price": 3.1,
    "iva": 21,
    "reference_unit": "1 Kg",
    "date": "2023-01-17"
  },
  {
    "id": 27943,
    "name": "Higiénico Resistente Cuatro Capas CONSUM",
    "description": "Higiénico Resistente Cuatro Capas 8 U",
    "category": "Papel higiénico",
    "url": "https://tienda.consum.es/es/p/higienico-resistente-cuatro-capas/7383834",
    "price": 3.5,
    "reference_price": 0.44,
    "iva": 21,
    "reference_unit": "1 U",
    "date": "2023-01-17"
  },
  {
    "id": 27966,
    "name": "Queso Tierno Lonchas Light Bajo en Sal Santtum EL PASTOR",
    "description": "Queso Tierno Lonchas Light Bajo en Sal Santtum 80 Gr",
    "category": "Tiernos y light",
    "url": "https://tienda.consum.es/es/p/queso-tierno-lonchas-light-bajo-en-sal-santtum/7387418",
    "price": 1.39,
    "reference_price": 17.38,
    "iva": 0,
    "reference_unit": "1 Kg",
    "date": "2023-01-17"
  },
  {
    "id": 27979,
    "name": "Jabón Sólido Carbón Rostro Espalda Cuello GARNIER",
    "description": "Jabón Sólido Carbón Rostro Espalda Cuello 100 Gr",
    "category": "Limpieza y desmaquilladores",
    "url": "https://tienda.consum.es/es/p/jabon-solido-carbon-rostro-espalda-cuello/7388478",
    "price": 5.59,
    "reference_price": 55.9,
    "iva": 21,
    "reference_unit": "1 Kg",
    "date": "2023-01-17"
  },
  {
    "id": 27980,
    "name": "Porción Carrot Cake con Queso ",
    "description": "Porción Carrot Cake con Queso 118 Gr",
    "category": "Tartas ",
    "url": "https://tienda.consum.es/es/p/porcion-carrot-cake-con-queso/7388536",
    "price": 2.99,
    "reference_price": 25.34,
    "iva": 10,
    "reference_unit": "1 Kg",
    "date": "2023-01-17"
  },
  {
    "id": 27982,
    "name": "Ginebra Blackberry P.DE INDIAS",
    "description": "Ginebra Blackberry 0,7 L",
    "category": "Licores y vermouth",
    "url": "https://tienda.consum.es/es/p/ginebra-blackberry/7388601",
    "price": 16.45,
    "reference_price": 23.5,
    "iva": 21,
    "reference_unit": "1 L",
    "date": "2023-01-17"
  },
  {
    "id": 27993,
    "name": "Colonia Lavanda Familiar PUIG",
    "description": "Colonia Lavanda Familiar 750 ml",
    "category": "Familiar",
    "url": "https://tienda.consum.es/es/p/colonia-lavanda-familiar/7388259",
    "price": 3.95,
    "reference_price": 0.53,
    "iva": 21,
    "reference_unit": "100 ml",
    "date": "2023-01-17"
  },
  {
    "id": 27995,
    "name": "Margarina Oliva Tarrina FLORA",
    "description": "Margarina Oliva Tarrina 225 Gr",
    "category": "Mantequilla y margarina",
    "url": "https://tienda.consum.es/es/p/margarina-oliva-tarrina/7388432",
    "price": 2.49,
    "reference_price": 11.07,
    "iva": 10,
    "reference_unit": "1 Kg",
    "date": "2023-01-17"
  },
  {
    "id": 27997,
    "name": "Cerveza Clásica Tostada Lata AMSTEL",
    "description": "Cerveza Clásica Tostada Lata 0,33 L",
    "category": "Especialidades",
    "url": "https://tienda.consum.es/es/p/cerveza-clasica-tostada-lata/7388577",
    "price": 0.49,
    "reference_price": 1.48,
    "iva": 21,
    "reference_unit": "1 L",
    "date": "2023-01-17"
  },
  {
    "id": 28002,
    "name": "Cerveza 0,0% Tostada Botella AMSTEL ORO",
    "description": "Cerveza 0,0% Tostada Botella 0,25 L",
    "category": "0, 0 y 0, 9",
    "url": "https://tienda.consum.es/es/p/cerveza-00-tostada-botella/7388908",
    "price": 0.65,
    "reference_price": 2.6,
    "iva": 21,
    "reference_unit": "1 L",
    "date": "2023-01-17"
  },
  {
    "id": 28003,
    "name": "Plantilla Piel Talla 33-45 ACHUCHONAS",
    "description": "Plantilla Piel Talla 33-45 1 U",
    "category": "Limpieza calzado y accesorios",
    "url": "https://tienda.consum.es/es/p/plantilla-piel-talla-33-45/7389021",
    "price": 3.45,
    "reference_price": 3.45,
    "iva": 21,
    "reference_unit": "1 U",
    "date": "2023-01-17"
  },
  {
    "id": 28006,
    "name": "Bío Espelta Flakes 0% Azúcares Añadidos ESGIR",
    "description": "Bío Espelta Flakes 0% Azúcares Añadidos 250 Gr",
    "category": "Cereales",
    "url": "https://tienda.consum.es/es/p/bio-espelta-flakes-0-azucares-anadidos/7389179",
    "price": 2.09,
    "reference_price": 8.36,
    "iva": 10,
    "reference_unit": "1 Kg",
    "date": "2023-01-17"
  },
  {
    "id": 28007,
    "name": "Mandarina Hoja Tarrina ",
    "description": "Mandarina Hoja Tarrina 1,4 Kg",
    "category": "Cítricos",
    "url": "https://tienda.consum.es/es/p/mandarina-hoja-tarrina/7389419",
    "price": 3.16,
    "reference_price": 2.26,
    "iva": 0,
    "reference_unit": "1 Kg",
    "date": "2023-01-17"
  },
  {
    "id": 28008,
    "name": "Mandarina Malla ",
    "description": "Mandarina Malla 2 Kg",
    "category": "Cítricos",
    "url": "https://tienda.consum.es/es/p/mandarina-malla/7389427",
    "price": 3.06,
    "reference_price": 1.53,
    "iva": 0,
    "reference_unit": "1 Kg",
    "date": "2023-01-17"
  },
  {
    "id": 28011,
    "name": "Toallitas Infantiles Aloe CONSUM KIDS",
    "description": "Toallitas Infantiles Aloe 24 U",
    "category": "Toallitas",
    "url": "https://tienda.consum.es/es/p/toallitas-infantiles-aloe/7375897",
    "price": 0.75,
    "reference_price": 0.03,
    "iva": 21,
    "reference_unit": "1 U",
    "date": "2023-01-17"
  },
  {
    "id": 28012,
    "name": "Callos a la Madrileña Bote CONSUM",
    "description": "Callos a la Madrileña Bote 380 Gr",
    "category": "Conservas",
    "url": "https://tienda.consum.es/es/p/callos-a-la-madrilena-bote/7380491",
    "price": 2.6,
    "reference_price": 6.84,
    "iva": 10,
    "reference_unit": "1 Kg",
    "date": "2023-01-17"
  },
  {
    "id": 28013,
    "name": "Callos con Garbanzos Bote CONSUM",
    "description": "Callos con Garbanzos Bote 380 Gr",
    "category": "Conservas",
    "url": "https://tienda.consum.es/es/p/callos-con-garbanzos-bote/7380496",
    "price": 2.5,
    "reference_price": 6.58,
    "iva": 10,
    "reference_unit": "1 Kg",
    "date": "2023-01-17"
  },
  {
    "id": 28014,
    "name": "Fabada Asturiana Bote CONSUM",
    "description": "Fabada Asturiana Bote 440 Gr",
    "category": "Conservas",
    "url": "https://tienda.consum.es/es/p/fabada-asturiana-bote/7380512",
    "price": 1.35,
    "reference_price": 3.07,
    "iva": 10,
    "reference_unit": "1 Kg",
    "date": "2023-01-17"
  },
  {
    "id": 28015,
    "name": "Lentejas con Chorizo Bote CONSUM",
    "description": "Lentejas con Chorizo Bote 430 Gr",
    "category": "Conservas",
    "url": "https://tienda.consum.es/es/p/lentejas-con-chorizo-bote/7380525",
    "price": 1.35,
    "reference_price": 3.14,
    "iva": 10,
    "reference_unit": "1 Kg",
    "date": "2023-01-17"
  },
  {
    "id": 28016,
    "name": "Ciruela sin Hueso Doypack CONSUM",
    "description": "Ciruela sin Hueso Doypack 300 Gr",
    "category": "Fruta seca",
    "url": "https://tienda.consum.es/es/p/ciruela-sin-hueso-doypack/7381221",
    "price": 2.45,
    "reference_price": 8.17,
    "iva": 0,
    "reference_unit": "1 Kg",
    "date": "2023-01-17"
  },
  {
    "id": 28017,
    "name": "Pasas Moscatel Doypack CONSUM",
    "description": "Pasas Moscatel Doypack 300 Gr",
    "category": "Fruta seca",
    "url": "https://tienda.consum.es/es/p/pasas-moscatel-doypack/7381234",
    "price": 2.02,
    "reference_price": 6.73,
    "iva": 0,
    "reference_unit": "1 Kg",
    "date": "2023-01-17"
  },
  {
    "id": 28018,
    "name": "Pasas Sultanas Doypack CONSUM",
    "description": "Pasas Sultanas Doypack 300 Gr",
    "category": "Fruta seca",
    "url": "https://tienda.consum.es/es/p/pasas-sultanas-doypack/7381239",
    "price": 1.82,
    "reference_price": 6.07,
    "iva": 0,
    "reference_unit": "1 Kg",
    "date": "2023-01-17"
  },
  {
    "id": 28019,
    "name": "Orejón Albaricoque Desecado doypack CONSUM",
    "description": "Orejón Albaricoque Desecado doypack 200 Gr",
    "category": "Fruta seca",
    "url": "https://tienda.consum.es/es/p/orejon-albaricoque-desecado-doypack/7381242",
    "price": 2.88,
    "reference_price": 14.4,
    "iva": 0,
    "reference_unit": "1 Kg",
    "date": "2023-01-17"
  },
  {
    "id": 28020,
    "name": "Arándano Desecado Doypack CONSUM",
    "description": "Arándano Desecado Doypack 200 Gr",
    "category": "Fruta seca",
    "url": "https://tienda.consum.es/es/p/arandano-desecado-doypack/7381247",
    "price": 2.29,
    "reference_price": 11.45,
    "iva": 10,
    "reference_unit": "1 Kg",
    "date": "2023-01-17"
  },
  {
    "id": 28024,
    "name": "Albóndigas con Guisantes CONSUM",
    "description": "Albóndigas con Guisantes 415 Gr",
    "category": "Conservas",
    "url": "https://tienda.consum.es/es/p/albondigas-con-guisantes/7384584",
    "price": 1.7,
    "reference_price": 4.1,
    "iva": 10,
    "reference_unit": "1 Kg",
    "date": "2023-01-17"
  },
  {
    "id": 28036,
    "name": "Vino Tinto Roble D.O.Ribera del Duero VALDERIVERO",
    "description": "Vino Tinto Roble D.O.Ribera del Duero 0,75 L",
    "category": "Vinos d.o",
    "url": "https://tienda.consum.es/es/p/vino-tinto-roble-doribera-del-duero/7388572",
    "price": 5.69,
    "reference_price": 7.59,
    "iva": 21,
    "reference_unit": "1 L",
    "date": "2023-01-17"
  },
  {
    "id": 28037,
    "name": "Cápsulas Memory NATURTIERRA",
    "description": "Cápsulas Memory 40 U",
    "category": "Fitoterapia",
    "url": "https://tienda.consum.es/es/p/capsulas-memory/7388580",
    "price": 4.65,
    "reference_price": 0.12,
    "iva": 10,
    "reference_unit": "1 U",
    "date": "2023-01-17"
  },
  {
    "id": 28046,
    "name": "Cacao Soluble 0% Azúcares Añadidos NESQUIK",
    "description": "Cacao Soluble 0% Azúcares Añadidos 345 Gr",
    "category": "Cacao soluble",
    "url": "https://tienda.consum.es/es/p/cacao-soluble-0-azucares-anadidos/7389141",
    "price": 3.49,
    "reference_price": 10.91,
    "iva": 10,
    "reference_unit": "1 Kg",
    "date": "2023-01-17"
  },
  {
    "id": 28048,
    "name": "Té Verde Moruno 20 Bolsitas POMPADOUR",
    "description": "Té Verde Moruno 20 Bolsitas 20 U",
    "category": "Té",
    "url": "https://tienda.consum.es/es/p/te-verde-moruno-20-bolsitas/7389161",
    "price": 2.75,
    "reference_price": 0.14,
    "iva": 10,
    "reference_unit": "1 U",
    "date": "2023-01-17"
  },
  {
    "id": 28050,
    "name": "Profiláctico Naturals 98% DUREX",
    "description": "Profiláctico Naturals 98% 10 U",
    "category": "Preservativos",
    "url": "https://tienda.consum.es/es/p/profilactico-naturals-98/7389211",
    "price": 9.93,
    "reference_price": 0.99,
    "iva": 4,
    "reference_unit": "1 U",
    "date": "2023-01-17"
  },
  {
    "id": 28052,
    "name": "Cepillo Dental Batman-Wonder W.1+1 COLGATE",
    "description": "Cepillo Dental Batman-Wonder W.1+1",
    "category": "Cepillos de dientes",
    "url": "https://tienda.consum.es/es/p/cepillo-dental-batman-wonder-w11/7389224",
    "price": 3.2,
    "reference_price": 3.2,
    "iva": 21,
    "reference_unit": "1 U",
    "date": "2023-01-17"
  },
  {
    "id": 28053,
    "name": "Canela Molida VAHINÉ",
    "description": "Canela Molida 43 Gr",
    "category": "Repostería para preparar",
    "url": "https://tienda.consum.es/es/p/canela-molida/7389232",
    "price": 3.25,
    "reference_price": 7.56,
    "iva": 10,
    "reference_unit": "100 Gr",
    "date": "2023-01-17"
  },
  {
    "id": 28058,
    "name": "One Twist 3 Moreno Men Expert L'OREAL",
    "description": "One Twist 3 Moreno Men Expert 1 U",
    "category": "Coloración",
    "url": "https://tienda.consum.es/es/p/one-twist-3-moreno-men-expert/7389521",
    "price": 9.99,
    "reference_price": 9.99,
    "iva": 21,
    "reference_unit": "1 U",
    "date": "2023-01-17"
  },
  {
    "id": 28059,
    "name": "One Twist 4 Castaño Oscuro Men Expert L'OREAL",
    "description": "One Twist 4 Castaño Oscuro Men Expert 1 U",
    "category": "Coloración",
    "url": "https://tienda.consum.es/es/p/one-twist-4-castano-oscuro-men-expert/7389534",
    "price": 9.99,
    "reference_price": 9.99,
    "iva": 21,
    "reference_unit": "1 U",
    "date": "2023-01-17"
  },
  {
    "id": 28060,
    "name": "One Twist 5 Cataño Men Expert L'OREAL",
    "description": "One Twist 5 Cataño Men Expert 1 U",
    "category": "Coloración",
    "url": "https://tienda.consum.es/es/p/one-twist-5-catano-men-expert/7389539",
    "price": 9.99,
    "reference_price": 9.99,
    "iva": 21,
    "reference_unit": "1 U",
    "date": "2023-01-17"
  },
  {
    "id": 28061,
    "name": "One Twist 6 Rubio Oscuro Men Expert L'OREAL",
    "description": "One Twist 6 Rubio Oscuro Men Expert 1 U",
    "category": "Coloración",
    "url": "https://tienda.consum.es/es/p/one-twist-6-rubio-oscuro-men-expert/7389542",
    "price": 9.99,
    "reference_price": 9.99,
    "iva": 21,
    "reference_unit": "1 U",
    "date": "2023-01-17"
  },
  {
    "id": 28062,
    "name": "Retinol Puro Revitalift Sérum de Noche L'OREAL",
    "description": "Retinol Puro Revitalift Sérum de Noche 30 ml",
    "category": "Tratamiento",
    "url": "https://tienda.consum.es/es/p/retinol-puro-revitalift-serum-de-noche/7389559",
    "price": 20.9,
    "reference_price": 69.67,
    "iva": 21,
    "reference_unit": "100 ml",
    "date": "2023-01-17"
  },
  {
    "id": 28070,
    "name": "Gel Baño Natural KYREY",
    "description": "Gel Baño Natural 500 ml",
    "category": "Gel de baño",
    "url": "https://tienda.consum.es/es/p/gel-bano-natural/7363976",
    "price": 1.5,
    "reference_price": 3,
    "iva": 21,
    "reference_unit": "1 L",
    "date": "2023-01-17"
  },
  {
    "id": 28071,
    "name": "Estropajo con Esponja Suciedad Resistente CONSUM",
    "description": "Estropajo con Esponja Suciedad Resistente 3 U",
    "category": "Estropajos",
    "url": "https://tienda.consum.es/es/p/estropajo-con-esponja-suciedad-resistente/7373249",
    "price": 0.85,
    "reference_price": 0.28,
    "iva": 21,
    "reference_unit": "1 U",
    "date": "2023-01-17"
  },
  {
    "id": 28072,
    "name": "Nuez Macadamia Natural Doypack CONSUM",
    "description": "Nuez Macadamia Natural Doypack 100 Gr",
    "category": "Nueces",
    "url": "https://tienda.consum.es/es/p/nuez-macadamia-natural-doypack/7382245",
    "price": 3.07,
    "reference_price": 30.7,
    "iva": 0,
    "reference_unit": "1 Kg",
    "date": "2023-01-17"
  },
  {
    "id": 28073,
    "name": "Nuez Pecana Doypack CONSUM",
    "description": "Nuez Pecana Doypack 150 Gr",
    "category": "Nueces",
    "url": "https://tienda.consum.es/es/p/nuez-pecana-doypack/7382252",
    "price": 2.78,
    "reference_price": 18.53,
    "iva": 0,
    "reference_unit": "1 Kg",
    "date": "2023-01-17"
  },
  {
    "id": 28098,
    "name": "Dentífrico Antibacteriano Limpieza Intensiva ORAL B",
    "description": "Dentífrico Antibacteriano Limpieza Intensiva 75 ml",
    "category": "Dentífricos",
    "url": "https://tienda.consum.es/es/p/dentifrico-antibacteriano-limpieza-intensiva/7388296",
    "price": 4.49,
    "reference_price": 5.99,
    "iva": 21,
    "reference_unit": "100 ml",
    "date": "2023-01-17"
  },
  {
    "id": 28117,
    "name": "Curly Crema Hidrata Rizos NIEVINA",
    "description": "Curly Crema Hidrata Rizos 250 ml",
    "category": "Gel y cera",
    "url": "https://tienda.consum.es/es/p/curly-crema-hidrata-rizos/7388759",
    "price": 4.99,
    "reference_price": 2,
    "iva": 21,
    "reference_unit": "100 ml",
    "date": "2023-01-17"
  },
  {
    "id": 28118,
    "name": "Curly Gel Define Rizos NIEVINA",
    "description": "Curly Gel Define Rizos 250 ml",
    "category": "Gel y cera",
    "url": "https://tienda.consum.es/es/p/curly-gel-define-rizos/7388762",
    "price": 4.99,
    "reference_price": 2,
    "iva": 21,
    "reference_unit": "100 ml",
    "date": "2023-01-17"
  },
  {
    "id": 28120,
    "name": "Burger Meat de Pollo con Calabacin y Queso ",
    "description": "Burger Meat de Pollo con Calabacin y Queso 125 Gr",
    "category": "Picadas y hamburguesas",
    "url": "https://tienda.consum.es/es/p/burger-meat-de-pollo-con-calabacin-y-queso/7388825",
    "price": 1.35,
    "reference_price": 10.8,
    "iva": 10,
    "reference_unit": "1 Kg",
    "date": "2023-01-17"
  },
  {
    "id": 28124,
    "name": "Ambientador White Jasmine ASEVI",
    "description": "Ambientador White Jasmine 400 ml",
    "category": "Aerosol spray o pistola",
    "url": "https://tienda.consum.es/es/p/ambientador-white-jasmine/7389195",
    "price": 2.39,
    "reference_price": 5.98,
    "iva": 21,
    "reference_unit": "1 L",
    "date": "2023-01-17"
  },
  {
    "id": 28126,
    "name": "Neceser Caballero PONETTE",
    "description": "Neceser Caballero 1 U",
    "category": "Accesorios y complementos",
    "url": "https://tienda.consum.es/es/p/neceser-caballero/7389237",
    "price": 6.59,
    "reference_price": 6.59,
    "iva": 21,
    "reference_unit": "1 U",
    "date": "2023-01-17"
  },
  {
    "id": 28127,
    "name": "Neceser Infantil PONETTE",
    "description": "Neceser Infantil 1 U",
    "category": "Accesorios y complementos",
    "url": "https://tienda.consum.es/es/p/neceser-infantil/7389240",
    "price": 4.55,
    "reference_price": 4.55,
    "iva": 21,
    "reference_unit": "1 U",
    "date": "2023-01-17"
  },
  {
    "id": 28128,
    "name": "Neceser Vive PONETTE",
    "description": "Neceser Vive 1 U",
    "category": "Accesorios y complementos",
    "url": "https://tienda.consum.es/es/p/neceser-vive/7389257",
    "price": 6.59,
    "reference_price": 6.59,
    "iva": 21,
    "reference_unit": "1 U",
    "date": "2023-01-17"
  },
  {
    "id": 28129,
    "name": "Neceser Serena PONETTE",
    "description": "Neceser Serena 1 U",
    "category": "Accesorios y complementos",
    "url": "https://tienda.consum.es/es/p/neceser-serena/7389260",
    "price": 7.59,
    "reference_price": 7.59,
    "iva": 21,
    "reference_unit": "1 U",
    "date": "2023-01-17"
  },
  {
    "id": 28130,
    "name": "Neceser de Viaje PONETTE",
    "description": "Neceser de Viaje 1 U",
    "category": "Accesorios y complementos",
    "url": "https://tienda.consum.es/es/p/neceser-de-viaje/7389273",
    "price": 3.55,
    "reference_price": 3.55,
    "iva": 21,
    "reference_unit": "1 U",
    "date": "2023-01-17"
  },
  {
    "id": 28132,
    "name": "Obleas Estuche FABIAN MARTI",
    "description": "Obleas Estuche 240 Gr",
    "category": "Wafer y barquillos",
    "url": "https://tienda.consum.es/es/p/obleas-estuche/7389950",
    "price": 2.45,
    "reference_price": 10.21,
    "iva": 10,
    "reference_unit": "1 Kg",
    "date": "2023-01-17"
  },
  {
    "id": 28133,
    "name": "Aceite Ricino con Cepillo Pestañas BIOGLOW",
    "description": "Aceite Ricino con Cepillo Pestañas 30 ml",
    "category": "Hidratación",
    "url": "https://tienda.consum.es/es/p/aceite-ricino-con-cepillo-pestanas/7389963",
    "price": 3.99,
    "reference_price": 13.3,
    "iva": 21,
    "reference_unit": "100 ml",
    "date": "2023-01-17"
  },
  {
    "id": 28148,
    "name": "Gel Limpiador Barba y Rostro GILLETTE",
    "description": "Gel Limpiador Barba y Rostro 350 ml",
    "category": "Después afeitado",
    "url": "https://tienda.consum.es/es/p/gel-limpiador-barba-y-rostro/7381556",
    "price": 9.99,
    "reference_price": 2.85,
    "iva": 21,
    "reference_unit": "100 ml",
    "date": "2023-01-17"
  },
  {
    "id": 28149,
    "name": "Aceite para Barba GILLETTE",
    "description": "Aceite para Barba 30 ml",
    "category": "Después afeitado",
    "url": "https://tienda.consum.es/es/p/aceite-para-barba/7381564",
    "price": 9.99,
    "reference_price": 33.3,
    "iva": 21,
    "reference_unit": "100 ml",
    "date": "2023-01-17"
  },
  {
    "id": 28150,
    "name": "Bálsamo Suave para Barba GILLETTE",
    "description": "Bálsamo Suave para Barba 100 ml",
    "category": "Después afeitado",
    "url": "https://tienda.consum.es/es/p/balsamo-suave-para-barba/7381569",
    "price": 9.99,
    "reference_price": 9.99,
    "iva": 21,
    "reference_unit": "100 ml",
    "date": "2023-01-17"
  },
  {
    "id": 28151,
    "name": "Máquina de Afeitar Doble Filo GILLETTE",
    "description": "Máquina de Afeitar Doble Filo 1 U",
    "category": "Maquinillas de afeitar",
    "url": "https://tienda.consum.es/es/p/maquina-de-afeitar-doble-filo/7381572",
    "price": 19.9,
    "reference_price": 19.9,
    "iva": 21,
    "reference_unit": "1 U",
    "date": "2023-01-17"
  },
  {
    "id": 28152,
    "name": "Hojas de Afeitar Doble Filo GILLETTE",
    "description": "Hojas de Afeitar Doble Filo 10 U",
    "category": "Recambios hojas afeitar",
    "url": "https://tienda.consum.es/es/p/hojas-de-afeitar-doble-filo/7381689",
    "price": 4.95,
    "reference_price": 0.5,
    "iva": 21,
    "reference_unit": "1 U",
    "date": "2023-01-17"
  },
  {
    "id": 28155,
    "name": "Vino Tinto 14 Meses D.O. Ribera del Duero 409",
    "description": "Vino Tinto 14 Meses D.O. Ribera del Duero 0,75 L",
    "category": "Vinos d.o",
    "url": "https://tienda.consum.es/es/p/vino-tinto-14-meses-do-ribera-del-duero/7388788",
    "price": 8.99,
    "reference_price": 11.99,
    "iva": 21,
    "reference_unit": "1 L",
    "date": "2023-01-17"
  },
  {
    "id": 28157,
    "name": "Lubricante Extra Sensitiv Naturals DUREX",
    "description": "Lubricante Extra Sensitiv Naturals 100 ml",
    "category": "Preservativos",
    "url": "https://tienda.consum.es/es/p/lubricante-extra-sensitiv-naturals/7389208",
    "price": 14.5,
    "reference_price": 14.5,
    "iva": 21,
    "reference_unit": "100 ml",
    "date": "2023-01-17"
  },
  {
    "id": 28161,
    "name": "Cava Brut Nature D.O. Cava LADRON LUNAS",
    "description": "Cava Brut Nature D.O. Cava 0,75 L",
    "category": "Cavas y sidras",
    "url": "https://tienda.consum.es/es/p/cava-brut-nature-do-cava/7389455",
    "price": 5.49,
    "reference_price": 7.32,
    "iva": 21,
    "reference_unit": "1 L",
    "date": "2023-01-17"
  },
  {
    "id": 28164,
    "name": "Sidra Rosé EL GAITERO",
    "description": "Sidra Rosé 0,75 L",
    "category": "Cavas y sidras",
    "url": "https://tienda.consum.es/es/p/sidra-rose/7389810",
    "price": 3.35,
    "reference_price": 4.47,
    "iva": 21,
    "reference_unit": "1 L",
    "date": "2023-01-17"
  },
  {
    "id": 28168,
    "name": "Queso Curado Ibérico Mezcla 3 Leches CERRATO",
    "description": "Queso Curado Ibérico Mezcla 3 Leches 200 Gr",
    "category": "Quesos Curados",
    "url": "https://tienda.consum.es/es/p/queso-curado-iberico-mezcla-3-leches/7390032",
    "price": 2.26,
    "reference_price": 11.3,
    "iva": 0,
    "reference_unit": "1 Kg",
    "date": "2023-01-17"
  },
  {
    "id": 28170,
    "name": "Pan Tostado 11 Cerales y Semillas RECONDO",
    "description": "Pan Tostado 11 Cerales y Semillas 270 Gr",
    "category": "Tostadas y minibiscotes",
    "url": "https://tienda.consum.es/es/p/pan-tostado-11-cerales-y-semillas/7390073",
    "price": 2.35,
    "reference_price": 8.7,
    "iva": 10,
    "reference_unit": "1 Kg",
    "date": "2023-01-17"
  },
  {
    "id": 28171,
    "name": "Potenciador del Lavado en Polvo VANISH",
    "description": "Potenciador del Lavado en Polvo 800 Gr",
    "category": "Aditivos y complementos",
    "url": "https://tienda.consum.es/es/p/potenciador-del-lavado-en-polvo/7390396",
    "price": 13.49,
    "reference_price": 16.86,
    "iva": 21,
    "reference_unit": "1 Kg",
    "date": "2023-01-17"
  },
  {
    "id": 28174,
    "name": "Crema Manos Soja Karité Repara y Unifica el Tono KYREY",
    "description": "Crema Manos Soja Karité Repara y Unifica el Tono 100 ml",
    "category": "Cuidado manos y pies",
    "url": "https://tienda.consum.es/es/p/crema-manos-soja-karite-repara-y-unifica-el-tono/7364461",
    "price": 1,
    "reference_price": 1,
    "iva": 21,
    "reference_unit": "100 ml",
    "date": "2023-01-17"
  },
  {
    "id": 28175,
    "name": "Crema Manos Urea 5% Pieles Muy Secas KYREY",
    "description": "Crema Manos Urea 5% Pieles Muy Secas 100 ml",
    "category": "Cuidado manos y pies",
    "url": "https://tienda.consum.es/es/p/crema-manos-urea-5-pieles-muy-secas/7373736",
    "price": 1.25,
    "reference_price": 1.25,
    "iva": 21,
    "reference_unit": "100 ml",
    "date": "2023-01-17"
  },
  {
    "id": 28176,
    "name": "Pipa Pelada Natural Bolsa CONSUM",
    "description": "Pipa Pelada Natural Bolsa 150 Gr",
    "category": "Otros frutos secos",
    "url": "https://tienda.consum.es/es/p/pipa-pelada-natural-bolsa/7379758",
    "price": 0.76,
    "reference_price": 5.07,
    "iva": 0,
    "reference_unit": "1 Kg",
    "date": "2023-01-17"
  },
  {
    "id": 28178,
    "name": "Filetes de Caballa en Aceite de Oliva CONSUM",
    "description": "Filetes de Caballa en Aceite de Oliva 84 Gr",
    "category": "Caballa y melva",
    "url": "https://tienda.consum.es/es/p/filetes-de-caballa-en-aceite-de-oliva/7387595",
    "price": 1.19,
    "reference_price": 14.17,
    "iva": 10,
    "reference_unit": "1 Kg",
    "date": "2023-01-17"
  },
  {
    "id": 28180,
    "name": "Queso Protein Lonchas ARLA",
    "description": "Queso Protein Lonchas 150 Gr",
    "category": "Tiernos y light",
    "url": "https://tienda.consum.es/es/p/queso-protein-lonchas/7389120",
    "price": 3.07,
    "reference_price": 20.47,
    "iva": 0,
    "reference_unit": "1 Kg",
    "date": "2023-01-17"
  },
  {
    "id": 28181,
    "name": "Neceser A lo Loco PONETTE",
    "description": "Neceser A lo Loco 1 U",
    "category": "Accesorios y complementos",
    "url": "https://tienda.consum.es/es/p/neceser-a-lo-loco/7389252",
    "price": 4.55,
    "reference_price": 4.55,
    "iva": 21,
    "reference_unit": "1 U",
    "date": "2023-01-17"
  },
  {
    "id": 28183,
    "name": "Toallitas Sensitive sin Perfume DODOT",
    "description": "Toallitas Sensitive sin Perfume 54 U",
    "category": "Toallitas",
    "url": "https://tienda.consum.es/es/p/toallitas-sensitive-sin-perfume/7389617",
    "price": 2.75,
    "reference_price": 0.05,
    "iva": 21,
    "reference_unit": "1 U",
    "date": "2023-01-17"
  },
  {
    "id": 28184,
    "name": "Champú Rosas sin Sulfatos PANTENE",
    "description": "Champú Rosas sin Sulfatos 225 ml",
    "category": "Champú",
    "url": "https://tienda.consum.es/es/p/champu-rosas-sin-sulfatos/7389638",
    "price": 4.19,
    "reference_price": 1.86,
    "iva": 21,
    "reference_unit": "100 ml",
    "date": "2023-01-17"
  },
  {
    "id": 28185,
    "name": "Champagne Región de Champagne MUMM",
    "description": "Champagne Región de Champagne 0,75 L",
    "category": "Cavas y sidras",
    "url": "https://tienda.consum.es/es/p/champagne-region-de-champagne/7389823",
    "price": 40.99,
    "reference_price": 54.65,
    "iva": 21,
    "reference_unit": "1 L",
    "date": "2023-01-17"
  },
  {
    "id": 28186,
    "name": "Bagels Clásico 4 Unidades BIMBO",
    "description": "Bagels Clásico 4 Unidades 300 Gr",
    "category": "Panes especiales",
    "url": "https://tienda.consum.es/es/p/bagels-clasico-4-unidades/7390078",
    "price": 2.49,
    "reference_price": 8.3,
    "iva": 10,
    "reference_unit": "1 Kg",
    "date": "2023-01-17"
  },
  {
    "id": 28187,
    "name": "Bagels Semillas 4 Unidades BIMBO",
    "description": "Bagels Semillas 4 Unidades 300 Gr",
    "category": "Panes especiales",
    "url": "https://tienda.consum.es/es/p/bagels-semillas-4-unidades/7390086",
    "price": 2.49,
    "reference_price": 8.3,
    "iva": 10,
    "reference_unit": "1 Kg",
    "date": "2023-01-17"
  },
  {
    "id": 28188,
    "name": "Crema Mano Reparadora Piel Extra Seca EUDERMIN",
    "description": "Crema Mano Reparadora Piel Extra Seca 75 ml",
    "category": "Cuidado manos y pies",
    "url": "https://tienda.consum.es/es/p/crema-mano-reparadora-piel-extra-seca/7390099",
    "price": 2.25,
    "reference_price": 3,
    "iva": 21,
    "reference_unit": "100 ml",
    "date": "2023-01-17"
  },
  {
    "id": 28189,
    "name": "Tónica Pink Lata SCHWEPPES",
    "description": "Tónica Pink Lata 0,33 L",
    "category": "Tónica",
    "url": "https://tienda.consum.es/es/p/tonica-pink-lata/7390107",
    "price": 0.89,
    "reference_price": 2.7,
    "iva": 21,
    "reference_unit": "1 L",
    "date": "2023-01-17"
  },
  {
    "id": 28191,
    "name": "Barra Espelta 99% ",
    "description": "Barra Espelta 99% 215 Gr",
    "category": "Pan de horno",
    "url": "https://tienda.consum.es/es/p/barra-espelta-99/7390292",
    "price": 1.25,
    "reference_price": 5.81,
    "iva": 10,
    "reference_unit": "1 Kg",
    "date": "2023-01-17"
  },
  {
    "id": 28194,
    "name": "Yogur Proteína Lindahls Sabor Stracciatella NESTLE",
    "description": "Yogur Proteína Lindahls Sabor Stracciatella 150 Gr",
    "category": "Yogures especial salud",
    "url": "https://tienda.consum.es/es/p/yogur-proteina-lindahls-sabor-stracciatella/7390334",
    "price": 1.25,
    "reference_price": 8.33,
    "iva": 10,
    "reference_unit": "1 Kg",
    "date": "2023-01-17"
  },
  {
    "id": 28196,
    "name": "Chupete Silicona 18-36M Fisiológico Soft Touch TIGEX",
    "description": "Chupete Silicona 18-36M Fisiológico Soft Touch 2 U",
    "category": "Puericultura",
    "url": "https://tienda.consum.es/es/p/chupete-silicona-18-36m-fisiologico-soft-touch/7390370",
    "price": 4.19,
    "reference_price": 2.1,
    "iva": 21,
    "reference_unit": "1 U",
    "date": "2023-01-17"
  },
  {
    "id": 28197,
    "name": "Pañuelo Facial Collection KLEENEX",
    "description": "Pañuelo Facial Collection 48 U",
    "category": "Pañuelos y tissues",
    "url": "https://tienda.consum.es/es/p/panuelo-facial-collection/7390375",
    "price": 1.89,
    "reference_price": 0.04,
    "iva": 21,
    "reference_unit": "1 U",
    "date": "2023-01-17"
  },
  {
    "id": 28198,
    "name": "Cava Brut Ecológico D.O.Cava JAUME SERRA",
    "description": "Cava Brut Ecológico D.O.Cava 0,75 L",
    "category": "Cavas y sidras",
    "url": "https://tienda.consum.es/es/p/cava-brut-ecologico-docava/7390391",
    "price": 4.49,
    "reference_price": 5.99,
    "iva": 21,
    "reference_unit": "1 L",
    "date": "2023-01-17"
  },
  {
    "id": 28199,
    "name": "Potenciador del Lavado En Gel VANISH",
    "description": "Potenciador del Lavado En Gel 750 ml",
    "category": "Aditivos y complementos",
    "url": "https://tienda.consum.es/es/p/potenciador-del-lavado-en-gel/7390404",
    "price": 6.99,
    "reference_price": 9.32,
    "iva": 21,
    "reference_unit": "1 L",
    "date": "2023-01-17"
  },
  {
    "id": 28201,
    "name": "YoPro 0%0% Plátano y Cacahuete DANONE",
    "description": "YoPro 0%0% Plátano y Cacahuete 2 x 160 Gr",
    "category": "Yogures especial salud",
    "url": "https://tienda.consum.es/es/p/yopro-00-platano-y-cacahuete/7390482",
    "price": 2.49,
    "reference_price": 7.78,
    "iva": 10,
    "reference_unit": "1 Kg",
    "date": "2023-01-17"
  },
  {
    "id": 28203,
    "name": "Limpiador en Polvo JOSMI",
    "description": "Limpiador en Polvo 1 Kg",
    "category": "Limpieza hogar",
    "url": "https://tienda.consum.es/es/p/limpiador-en-polvo/7390516",
    "price": 1.49,
    "reference_price": 1.49,
    "iva": 21,
    "reference_unit": "1 Kg",
    "date": "2023-01-17"
  },
  {
    "id": 28204,
    "name": "Comida Húmeda Gatos Fit&Delicius Carne ULTIMA",
    "description": "Comida Húmeda Gatos Fit&Delicius Carne 4 x 85 Gr",
    "category": "Húmedo",
    "url": "https://tienda.consum.es/es/p/comida-humeda-gatos-fitdelicius-carne/7390540",
    "price": 3.45,
    "reference_price": 10.15,
    "iva": 10,
    "reference_unit": "1 Kg",
    "date": "2023-01-17"
  },
  {
    "id": 28206,
    "name": "Plantilla Aloe Talla Única ACHUCHONAS",
    "description": "Plantilla Aloe Talla Única 2 U",
    "category": "Limpieza calzado y accesorios",
    "url": "https://tienda.consum.es/es/p/plantilla-aloe-talla-unica/7390669",
    "price": 2.39,
    "reference_price": 1.2,
    "iva": 21,
    "reference_unit": "1 U",
    "date": "2023-01-17"
  },
  {
    "id": 28208,
    "name": "Gin Tonic Lata BOMBAY SAPPH",
    "description": "Gin Tonic Lata 0,25 L",
    "category": "Licores y vermouth",
    "url": "https://tienda.consum.es/es/p/gin-tonic-lata/7390909",
    "price": 2.75,
    "reference_price": 11,
    "iva": 21,
    "reference_unit": "1 L",
    "date": "2023-01-17"
  },
  {
    "id": 28209,
    "name": "Crema de Fresas Tequila Botella BUITRAL",
    "description": "Crema de Fresas Tequila Botella 0,7 L",
    "category": "Licores y vermouth",
    "url": "https://tienda.consum.es/es/p/crema-de-fresas-tequila-botella/7390912",
    "price": 10.9,
    "reference_price": 15.57,
    "iva": 21,
    "reference_unit": "1 L",
    "date": "2023-01-17"
  },
  {
    "id": 28223,
    "name": "Gel Fijador Efecto Mojado KYREY",
    "description": "Gel Fijador Efecto Mojado 250 ml",
    "category": "Gel y cera",
    "url": "https://tienda.consum.es/es/p/gel-fijador-efecto-mojado/7358380",
    "price": 1.9,
    "reference_price": 0.76,
    "iva": 21,
    "reference_unit": "100 ml",
    "date": "2023-01-17"
  },
  {
    "id": 28249,
    "name": "Pastas de Té Bandeja GARCINUEZ",
    "description": "Pastas de Té Bandeja 350 Gr",
    "category": "Desayuno y maría",
    "url": "https://tienda.consum.es/es/p/pastas-de-te-bandeja/7389489",
    "price": 1.89,
    "reference_price": 5.4,
    "iva": 10,
    "reference_unit": "1 Kg",
    "date": "2023-01-17"
  },
  {
    "id": 28251,
    "name": "Acondicionador Cactus Antiencrespamiento PANTENE",
    "description": "Acondicionador Cactus Antiencrespamiento 200 ml",
    "category": "Acondicionadores",
    "url": "https://tienda.consum.es/es/p/acondicionador-cactus-antiencrespamiento/7389711",
    "price": 3.99,
    "reference_price": 2,
    "iva": 21,
    "reference_unit": "100 ml",
    "date": "2023-01-17"
  },
  {
    "id": 28252,
    "name": "Vino Tinto D.O. Ribera del Duero PRUNO",
    "description": "Vino Tinto D.O. Ribera del Duero 0,75 L",
    "category": "Vinos d.o",
    "url": "https://tienda.consum.es/es/p/vino-tinto-do-ribera-del-duero/7389828",
    "price": 11.9,
    "reference_price": 15.87,
    "iva": 21,
    "reference_unit": "1 L",
    "date": "2023-01-17"
  },
  {
    "id": 28253,
    "name": "Bebida Energética Ultra Fiesta MONSTER",
    "description": "Bebida Energética Ultra Fiesta 0,5 L",
    "category": "Energéticas",
    "url": "https://tienda.consum.es/es/p/bebida-energetica-ultra-fiesta/7390052",
    "price": 1.58,
    "reference_price": 3.16,
    "iva": 21,
    "reference_unit": "1 L",
    "date": "2023-01-17"
  },
  {
    "id": 28254,
    "name": "Barrita ChocapicCereales Pack 6 Unidades NESTLE",
    "description": "Barrita ChocapicCereales Pack 6 Unidades 6 x 25 Gr",
    "category": "Barritas ",
    "url": "https://tienda.consum.es/es/p/barrita-chocapiccereales-pack-6-unidades/7390136",
    "price": 2.69,
    "reference_price": 17.93,
    "iva": 10,
    "reference_unit": "1 Kg",
    "date": "2023-01-17"
  },
  {
    "id": 28256,
    "name": "Cookie Crisp Cereales Integrales NESTLE",
    "description": "Cookie Crisp Cereales Integrales 375 Gr",
    "category": "Cereales",
    "url": "https://tienda.consum.es/es/p/cookie-crisp-cereales-integrales/7390151",
    "price": 2.99,
    "reference_price": 7.97,
    "iva": 10,
    "reference_unit": "1 Kg",
    "date": "2023-01-17"
  },
  {
    "id": 28265,
    "name": "Colonia Masculina Cool REEBOK",
    "description": "Colonia Masculina Cool 100 ml",
    "category": "Masculinas",
    "url": "https://tienda.consum.es/es/p/colonia-masculina-cool/7390425",
    "price": 8.99,
    "reference_price": 8.99,
    "iva": 21,
    "reference_unit": "100 ml",
    "date": "2023-01-17"
  },
  {
    "id": 28266,
    "name": "Colonia Masculina Move REEBOK",
    "description": "Colonia Masculina Move 100 ml",
    "category": "Masculinas",
    "url": "https://tienda.consum.es/es/p/colonia-masculina-move/7390438",
    "price": 8.99,
    "reference_price": 8.99,
    "iva": 21,
    "reference_unit": "100 ml",
    "date": "2023-01-17"
  },
  {
    "id": 28269,
    "name": "Ambientador Aromathera. Naranja GLADE",
    "description": "Ambientador Aromathera. Naranja 80 ml",
    "category": "Continuos y decorativos",
    "url": "https://tienda.consum.es/es/p/ambientador-aromathera-naranja/7390503",
    "price": 7.99,
    "reference_price": 9.99,
    "iva": 21,
    "reference_unit": "100 ml",
    "date": "2023-01-17"
  },
  {
    "id": 28270,
    "name": "Ambientador Aromathera. Lavanda-Sándalo GLADE",
    "description": "Ambientador Aromathera. Lavanda-Sándalo 80 ml",
    "category": "Continuos y decorativos",
    "url": "https://tienda.consum.es/es/p/ambientador-aromathera-lavanda-sandalo/7390586",
    "price": 7.99,
    "reference_price": 9.99,
    "iva": 21,
    "reference_unit": "100 ml",
    "date": "2023-01-17"
  },
  {
    "id": 28273,
    "name": "Crema de Queso con Piña y Papaya DELITUSS",
    "description": "Crema de Queso con Piña y Papaya 125 Gr",
    "category": "Quesos Para untar",
    "url": "https://tienda.consum.es/es/p/crema-de-queso-con-pina-y-papaya/7390602",
    "price": 1.63,
    "reference_price": 13.04,
    "iva": 0,
    "reference_unit": "1 Kg",
    "date": "2023-01-17"
  },
  {
    "id": 28275,
    "name": "Guisante Texturizado ESGIR",
    "description": "Guisante Texturizado 350 Gr",
    "category": "Legumbres Texturizadas",
    "url": "https://tienda.consum.es/es/p/guisante-texturizado/7390644",
    "price": 2.19,
    "reference_price": 6.26,
    "iva": 10,
    "reference_unit": "1 Kg",
    "date": "2023-01-17"
  },
  {
    "id": 28276,
    "name": "Lápiz Cejas Vegan GIO GIOVANNI",
    "description": "Lápiz Cejas Vegan 1 U",
    "category": "Ojos",
    "url": "https://tienda.consum.es/es/p/lapiz-cejas-vegan/7390685",
    "price": 1.75,
    "reference_price": 1.75,
    "iva": 21,
    "reference_unit": "1 U",
    "date": "2023-01-17"
  },
  {
    "id": 28277,
    "name": "Eyeliner Líquido Vegan Negro GIO GIOVANNI",
    "description": "Eyeliner Líquido Vegan Negro 1 U",
    "category": "Ojos",
    "url": "https://tienda.consum.es/es/p/eyeliner-liquido-vegan-negro/7390698",
    "price": 2.75,
    "reference_price": 2.75,
    "iva": 21,
    "reference_unit": "1 U",
    "date": "2023-01-17"
  },
  {
    "id": 28278,
    "name": "Máscara Curvatura Vegan GIO GIOVANNI",
    "description": "Máscara Curvatura Vegan 1 U",
    "category": "Ojos",
    "url": "https://tienda.consum.es/es/p/mascara-curvatura-vegan/7390701",
    "price": 3.65,
    "reference_price": 3.65,
    "iva": 21,
    "reference_unit": "1 U",
    "date": "2023-01-17"
  },
  {
    "id": 28279,
    "name": "Máscara Volumen Vegan GIO GIOVANNI",
    "description": "Máscara Volumen Vegan 1 U",
    "category": "Ojos",
    "url": "https://tienda.consum.es/es/p/mascara-volumen-vegan/7390706",
    "price": 3.65,
    "reference_price": 3.65,
    "iva": 21,
    "reference_unit": "1 U",
    "date": "2023-01-17"
  },
  {
    "id": 28280,
    "name": "Lápiz Ojos Blanco Vegan GIO GIOVANNI",
    "description": "Lápiz Ojos Blanco Vegan 1 U",
    "category": "Ojos",
    "url": "https://tienda.consum.es/es/p/lapiz-ojos-blanco-vegan/7390714",
    "price": 1.55,
    "reference_price": 1.55,
    "iva": 21,
    "reference_unit": "1 U",
    "date": "2023-01-17"
  },
  {
    "id": 28281,
    "name": "Lápiz Ojos 3 Azul Vegan GIO GIOVANNI",
    "description": "Lápiz Ojos 3 Azul Vegan 1 U",
    "category": "Ojos",
    "url": "https://tienda.consum.es/es/p/lapiz-ojos-3-azul-vegan/7390719",
    "price": 1.55,
    "reference_price": 1.55,
    "iva": 21,
    "reference_unit": "1 U",
    "date": "2023-01-17"
  },
  {
    "id": 28282,
    "name": "Lápiz Ojos 2 Verde Vegan GIO GIOVANNI",
    "description": "Lápiz Ojos 2 Verde Vegan 1 U",
    "category": "Ojos",
    "url": "https://tienda.consum.es/es/p/lapiz-ojos-2-verde-vegan/7390722",
    "price": 1.55,
    "reference_price": 1.55,
    "iva": 21,
    "reference_unit": "1 U",
    "date": "2023-01-17"
  },
  {
    "id": 28283,
    "name": "Lápiz Ojos 4 Marrón Vegan GIO GIOVANNI",
    "description": "Lápiz Ojos 4 Marrón Vegan 1 U",
    "category": "Ojos",
    "url": "https://tienda.consum.es/es/p/lapiz-ojos-4-marron-vegan/7390727",
    "price": 1.55,
    "reference_price": 1.55,
    "iva": 21,
    "reference_unit": "1 U",
    "date": "2023-01-17"
  },
  {
    "id": 28284,
    "name": "Lápiz Ojos 5 Verde Vegan GIO GIOVANNI",
    "description": "Lápiz Ojos 5 Verde Vegan 1 U",
    "category": "Ojos",
    "url": "https://tienda.consum.es/es/p/lapiz-ojos-5-verde-vegan/7390735",
    "price": 1.55,
    "reference_price": 1.55,
    "iva": 21,
    "reference_unit": "1 U",
    "date": "2023-01-17"
  },
  {
    "id": 28285,
    "name": "Lápiz Ojos 6 Negro Vegan GIO GIOVANNI",
    "description": "Lápiz Ojos 6 Negro Vegan 1 U",
    "category": "Ojos",
    "url": "https://tienda.consum.es/es/p/lapiz-ojos-6-negro-vegan/7390743",
    "price": 1.55,
    "reference_price": 1.55,
    "iva": 21,
    "reference_unit": "1 U",
    "date": "2023-01-17"
  },
  {
    "id": 28287,
    "name": "Sombra Ojos 1 Marfil Vegan GIO GIOVANNI",
    "description": "Sombra Ojos 1 Marfil Vegan 1 U",
    "category": "Ojos",
    "url": "https://tienda.consum.es/es/p/sombra-ojos-1-marfil-vegan/7390763",
    "price": 2.55,
    "reference_price": 2.55,
    "iva": 21,
    "reference_unit": "1 U",
    "date": "2023-01-17"
  },
  {
    "id": 28289,
    "name": "Sombra Ojos 2 Azul Vegan GIO GIOVANNI",
    "description": "Sombra Ojos 2 Azul Vegan 1 U",
    "category": "Ojos",
    "url": "https://tienda.consum.es/es/p/sombra-ojos-2-azul-vegan/7390771",
    "price": 2.55,
    "reference_price": 2.55,
    "iva": 21,
    "reference_unit": "1 U",
    "date": "2023-01-17"
  },
  {
    "id": 28290,
    "name": "Sombra Ojos 3 Turquesa Vegan GIO GIOVANNI",
    "description": "Sombra Ojos 3 Turquesa Vegan 1 U",
    "category": "Ojos",
    "url": "https://tienda.consum.es/es/p/sombra-ojos-3-turquesa-vegan/7390776",
    "price": 2.55,
    "reference_price": 2.55,
    "iva": 21,
    "reference_unit": "1 U",
    "date": "2023-01-17"
  },
  {
    "id": 28291,
    "name": "Sombra Ojos 4 Marrón Vegan GIO GIOVANNI",
    "description": "Sombra Ojos 4 Marrón Vegan 1 U",
    "category": "Ojos",
    "url": "https://tienda.consum.es/es/p/sombra-ojos-4-marron-vegan/7390784",
    "price": 2.55,
    "reference_price": 2.55,
    "iva": 21,
    "reference_unit": "1 U",
    "date": "2023-01-17"
  },
  {
    "id": 28292,
    "name": "Sombra Ojos 5 Verde Vegan GIO GIOVANNI",
    "description": "Sombra Ojos 5 Verde Vegan 1 U",
    "category": "Ojos",
    "url": "https://tienda.consum.es/es/p/sombra-ojos-5-verde-vegan/7390789",
    "price": 2.55,
    "reference_price": 2.55,
    "iva": 21,
    "reference_unit": "1 U",
    "date": "2023-01-17"
  },
  {
    "id": 28293,
    "name": "Sombra Ojos 6 Negro Vegan GIO GIOVANNI",
    "description": "Sombra Ojos 6 Negro Vegan 1 U",
    "category": "Ojos",
    "url": "https://tienda.consum.es/es/p/sombra-ojos-6-negro-vegan/7390792",
    "price": 2.55,
    "reference_price": 2.55,
    "iva": 21,
    "reference_unit": "1 U",
    "date": "2023-01-17"
  },
  {
    "id": 28294,
    "name": "Crema Corporal Calma's EUDERMIN",
    "description": "Crema Corporal Calma's 400 ml",
    "category": "Body-lociones",
    "url": "https://tienda.consum.es/es/p/crema-corporal-calmas/7390842",
    "price": 4.55,
    "reference_price": 1.14,
    "iva": 21,
    "reference_unit": "100 ml",
    "date": "2023-01-17"
  },
  {
    "id": 28295,
    "name": "Crema de Pies Calma's EUDERMIN",
    "description": "Crema de Pies Calma's 75 ml",
    "category": "Crema de pies",
    "url": "https://tienda.consum.es/es/p/crema-de-pies-calmas/7390847",
    "price": 2.55,
    "reference_price": 3.4,
    "iva": 21,
    "reference_unit": "100 ml",
    "date": "2023-01-17"
  },
  {
    "id": 28296,
    "name": "Talco Corporal Calma's EUDERMIN",
    "description": "Talco Corporal Calma's 75 Gr",
    "category": "Pomadas y polvos de talco",
    "url": "https://tienda.consum.es/es/p/talco-corporal-calmas/7390854",
    "price": 3.55,
    "reference_price": 47.33,
    "iva": 21,
    "reference_unit": "1 Kg",
    "date": "2023-01-17"
  },
  {
    "id": 28302,
    "name": "Gelatina en Láminas Caja 12 Unidades DR.OETKER",
    "description": "Gelatina en Láminas Caja 12 Unidades 20 Gr",
    "category": "Repostería para preparar",
    "url": "https://tienda.consum.es/es/p/gelatina-en-laminas-caja-12-unidades/7391121",
    "price": 2.15,
    "reference_price": 10.75,
    "iva": 10,
    "reference_unit": "100 Gr",
    "date": "2023-01-17"
  },
  {
    "id": 28304,
    "name": "Decomagia Fantasía Surtido 4 Tipos DR.OETKER",
    "description": "Decomagia Fantasía Surtido 4 Tipos 78 Gr",
    "category": "Repostería para preparar",
    "url": "https://tienda.consum.es/es/p/decomagia-fantasia-surtido-4-tipos/7391134",
    "price": 4.49,
    "reference_price": 57.56,
    "iva": 10,
    "reference_unit": "1 Kg",
    "date": "2023-01-17"
  },
  {
    "id": 28305,
    "name": "Aplicador Sombra Ojos 6 Unidades PONETTE",
    "description": "Aplicador Sombra Ojos 6 Unidades 6 U",
    "category": "Rostro",
    "url": "https://tienda.consum.es/es/p/aplicador-sombra-ojos-6-unidades/7391139",
    "price": 1.75,
    "reference_price": 0.29,
    "iva": 21,
    "reference_unit": "1 U",
    "date": "2023-01-17"
  },
  {
    "id": 28306,
    "name": "Bebida de Avena 0% Azúcar Brik YOSOY",
    "description": "Bebida de Avena 0% Azúcar Brik 1 L",
    "category": "Bebidas vegetales",
    "url": "https://tienda.consum.es/es/p/bebida-de-avena-0-azucar-brik/7391154",
    "price": 1.85,
    "reference_price": 1.85,
    "iva": 10,
    "reference_unit": "1 L",
    "date": "2023-01-17"
  },
  {
    "id": 28308,
    "name": "Esponjas Desmaquillantes PONETTE",
    "description": "Esponjas Desmaquillantes 3 U",
    "category": "Rostro",
    "url": "https://tienda.consum.es/es/p/esponjas-desmaquillantes/7391162",
    "price": 1.75,
    "reference_price": 0.58,
    "iva": 21,
    "reference_unit": "1 U",
    "date": "2023-01-17"
  },
  {
    "id": 28309,
    "name": "Sacapuntas PONETTE",
    "description": "Sacapuntas 1 U",
    "category": "Accesorios y complementos",
    "url": "https://tienda.consum.es/es/p/sacapuntas/7391170",
    "price": 2.55,
    "reference_price": 2.55,
    "iva": 21,
    "reference_unit": "1 U",
    "date": "2023-01-17"
  },
  {
    "id": 28310,
    "name": "Rizador Pestañas Más 3 Recambios PONETTE",
    "description": "Rizador Pestañas Más 3 Recambios 1 U",
    "category": "Ojos",
    "url": "https://tienda.consum.es/es/p/rizador-pestanas-mas-3-recambios/7391175",
    "price": 4.5,
    "reference_price": 4.5,
    "iva": 21,
    "reference_unit": "1 U",
    "date": "2023-01-17"
  },
  {
    "id": 28311,
    "name": "Triangulos Maquillaje Látex 4 Unidades PONETTE",
    "description": "Triangulos Maquillaje Látex 4 Unidades 4 U",
    "category": "Rostro",
    "url": "https://tienda.consum.es/es/p/triangulos-maquillaje-latex-4-unidades/7391183",
    "price": 2.25,
    "reference_price": 0.56,
    "iva": 21,
    "reference_unit": "1 U",
    "date": "2023-01-17"
  },
  {
    "id": 28312,
    "name": "Esponja Blender PONETTE",
    "description": "Esponja Blender 1 U",
    "category": "Rostro",
    "url": "https://tienda.consum.es/es/p/esponja-blender/7391188",
    "price": 2.99,
    "reference_price": 2.99,
    "iva": 21,
    "reference_unit": "1 U",
    "date": "2023-01-17"
  },
  {
    "id": 28313,
    "name": "Brocha Polvos MakeUp PONETTE",
    "description": "Brocha Polvos MakeUp 1 U",
    "category": "Brochas, pinceles y esponjas",
    "url": "https://tienda.consum.es/es/p/brocha-polvos-makeup/7391191",
    "price": 6.59,
    "reference_price": 6.59,
    "iva": 21,
    "reference_unit": "1 U",
    "date": "2023-01-17"
  },
  {
    "id": 28314,
    "name": "Brocha Maquillaje Precisión MakeUp PONETTE",
    "description": "Brocha Maquillaje Precisión MakeUp 1 U",
    "category": "Rostro",
    "url": "https://tienda.consum.es/es/p/brocha-maquillaje-precision-makeup/7391196",
    "price": 6.59,
    "reference_price": 6.59,
    "iva": 21,
    "reference_unit": "1 U",
    "date": "2023-01-17"
  },
  {
    "id": 28315,
    "name": "Brocha Maquillaje Mofeta MakeUp PONETTE",
    "description": "Brocha Maquillaje Mofeta MakeUp 1 U",
    "category": "Brochas, pinceles y esponjas",
    "url": "https://tienda.consum.es/es/p/brocha-maquillaje-mofeta-makeup/7391204",
    "price": 6.59,
    "reference_price": 6.59,
    "iva": 21,
    "reference_unit": "1 U",
    "date": "2023-01-17"
  },
  {
    "id": 28316,
    "name": "Brocha Kabuki MakeUp PONETTE",
    "description": "Brocha Kabuki MakeUp 1 U",
    "category": "Rostro",
    "url": "https://tienda.consum.es/es/p/brocha-kabuki-makeup/7391233",
    "price": 6.59,
    "reference_price": 6.59,
    "iva": 21,
    "reference_unit": "1 U",
    "date": "2023-01-17"
  },
  {
    "id": 28317,
    "name": "Pincel Labios MakeUp PONETTE",
    "description": "Pincel Labios MakeUp 1 U",
    "category": "Brochas, pinceles y esponjas",
    "url": "https://tienda.consum.es/es/p/pincel-labios-makeup/7391246",
    "price": 4.99,
    "reference_price": 4.99,
    "iva": 21,
    "reference_unit": "1 U",
    "date": "2023-01-17"
  },
  {
    "id": 28318,
    "name": "Pincel Sombras MakeUp PONETTE",
    "description": "Pincel Sombras MakeUp 1 U",
    "category": "Brochas, pinceles y esponjas",
    "url": "https://tienda.consum.es/es/p/pincel-sombras-makeup/7391253",
    "price": 4.99,
    "reference_price": 4.99,
    "iva": 21,
    "reference_unit": "1 U",
    "date": "2023-01-17"
  },
  {
    "id": 28319,
    "name": "Pincel Delineador MakeUp PONETTE",
    "description": "Pincel Delineador MakeUp 1 U",
    "category": "Ojos",
    "url": "https://tienda.consum.es/es/p/pincel-delineador-makeup/7391258",
    "price": 4.99,
    "reference_price": 4.99,
    "iva": 21,
    "reference_unit": "1 U",
    "date": "2023-01-17"
  },
  {
    "id": 28320,
    "name": "Pincel Dual Difuminador y Corrector PONETTE",
    "description": "Pincel Dual Difuminador y Corrector 1 U",
    "category": "Ojos",
    "url": "https://tienda.consum.es/es/p/pincel-dual-difuminador-y-corrector/7391266",
    "price": 6.59,
    "reference_price": 6.59,
    "iva": 21,
    "reference_unit": "1 U",
    "date": "2023-01-17"
  },
  {
    "id": 28321,
    "name": "Set Brochas de Viaje MakeUp PONETTE",
    "description": "Set Brochas de Viaje MakeUp 1 U",
    "category": "Rostro",
    "url": "https://tienda.consum.es/es/p/set-brochas-de-viaje-makeup/7391274",
    "price": 9.99,
    "reference_price": 9.99,
    "iva": 21,
    "reference_unit": "1 U",
    "date": "2023-01-17"
  },
  {
    "id": 28325,
    "name": "Colonia Sport POSEIDON",
    "description": "Colonia Sport 150 ml",
    "category": "Masculinas",
    "url": "https://tienda.consum.es/es/p/colonia-sport/7391444",
    "price": 12.5,
    "reference_price": 8.33,
    "iva": 21,
    "reference_unit": "100 ml",
    "date": "2023-01-17"
  },
  {
    "id": 28331,
    "name": "Pañuelos de Bolsillo 12paquetes más 3Regalo SCOTTEX",
    "description": "Pañuelos de Bolsillo 12paquetes más 3Regalo 15 U",
    "category": "Pañuelos y tissues",
    "url": "https://tienda.consum.es/es/p/panuelos-de-bolsillo-12paquetes-mas-3regalo/7023604",
    "price": 2.19,
    "reference_price": 0.15,
    "iva": 21,
    "reference_unit": "1 U",
    "date": "2023-01-17"
  },
  {
    "id": 28332,
    "name": "Cebollitas Rojas Agridulces CONSUM",
    "description": "Cebollitas Rojas Agridulces 200 Gr",
    "category": "Cebollitas",
    "url": "https://tienda.consum.es/es/p/cebollitas-rojas-agridulces/7383339",
    "price": 1.25,
    "reference_price": 6.25,
    "iva": 10,
    "reference_unit": "1 Kg",
    "date": "2023-01-17"
  },
  {
    "id": 28335,
    "name": "Aceituna Estilo Casero Bote CONSUM",
    "description": "Aceituna Estilo Casero Bote 500 Gr",
    "category": "Aceitunas con hueso",
    "url": "https://tienda.consum.es/es/p/aceituna-estilo-casero-bote/7387947",
    "price": 2.32,
    "reference_price": 4.64,
    "iva": 10,
    "reference_unit": "1 Kg",
    "date": "2023-01-17"
  },
  {
    "id": 28337,
    "name": "Queso Semi Ibérico Mezcla 3 Leches CERRATO",
    "description": "Queso Semi Ibérico Mezcla 3 Leches 200 Gr",
    "category": "Semicurados",
    "url": "https://tienda.consum.es/es/p/queso-semi-iberico-mezcla-3-leches/7390003",
    "price": 2.07,
    "reference_price": 10.35,
    "iva": 0,
    "reference_unit": "1 Kg",
    "date": "2023-01-17"
  },
  {
    "id": 28338,
    "name": "Chupete Silicona 6-18 M Fisiológico Soft Touch TIGEX",
    "description": "Chupete Silicona 6-18 M Fisiológico Soft Touch 2 U",
    "category": "Puericultura",
    "url": "https://tienda.consum.es/es/p/chupete-silicona-6-18-m-fisiologico-soft-touch/7390367",
    "price": 4.19,
    "reference_price": 2.1,
    "iva": 21,
    "reference_unit": "1 U",
    "date": "2023-01-17"
  },
  {
    "id": 28340,
    "name": "Yogur Griego Oikos con Chocolate Valor DANONE",
    "description": "Yogur Griego Oikos con Chocolate Valor 2 x 110 Gr",
    "category": "Cremosos y enriquecidos",
    "url": "https://tienda.consum.es/es/p/yogur-griego-oikos-con-chocolate-valor/7390479",
    "price": 1.69,
    "reference_price": 7.68,
    "iva": 10,
    "reference_unit": "1 Kg",
    "date": "2023-01-17"
  },
  {
    "id": 28341,
    "name": "Jamón de Trevélez Lonchas Finas J.VALLEJO",
    "description": "Jamón de Trevélez Lonchas Finas 120 Gr",
    "category": "Jamón",
    "url": "https://tienda.consum.es/es/p/jamon-de-trevelez-lonchas-finas/7390511",
    "price": 2.98,
    "reference_price": 24.83,
    "iva": 10,
    "reference_unit": "1 Kg",
    "date": "2023-01-17"
  },
  {
    "id": 28343,
    "name": "Paté Untable de Pisto Vegetariano/Eco SUPERSALUDAB",
    "description": "Paté Untable de Pisto Vegetariano/Eco 100 Gr",
    "category": "Patés y untables",
    "url": "https://tienda.consum.es/es/p/pate-untable-de-pisto-vegetariano/eco/7390664",
    "price": 3.99,
    "reference_price": 39.9,
    "iva": 10,
    "reference_unit": "1 Kg",
    "date": "2023-01-17"
  },
  {
    "id": 28344,
    "name": "Paté Untable Calabaza Vegetariano/Eco SUPERSALUDAB",
    "description": "Paté Untable Calabaza Vegetariano/Eco 100 Gr",
    "category": "Patés y untables",
    "url": "https://tienda.consum.es/es/p/pate-untable-calabaza-vegetariano/eco/7390730",
    "price": 3.99,
    "reference_price": 39.9,
    "iva": 10,
    "reference_unit": "1 Kg",
    "date": "2023-01-17"
  },
  {
    "id": 28345,
    "name": "Q. Vaca-Oveja Curado Umami CERRATO",
    "description": "Q. Vaca-Oveja Curado Umami 300 Gr",
    "category": "Quesos Curados",
    "url": "https://tienda.consum.es/es/p/q-vaca-oveja-curado-umami/7390748",
    "price": 3.8,
    "reference_price": 12.67,
    "iva": 0,
    "reference_unit": "1 Kg",
    "date": "2023-01-17"
  },
  {
    "id": 28348,
    "name": "Ajos Tiernos Manojo ",
    "description": "Ajos Tiernos Manojo 200 Gr",
    "category": "Patatas, cebollas y ajos",
    "url": "https://tienda.consum.es/es/p/ajos-tiernos-manojo/7390826",
    "price": 2.3,
    "reference_price": 11.5,
    "iva": 0,
    "reference_unit": "1 Kg",
    "date": "2023-01-17"
  },
  {
    "id": 28351,
    "name": "Colonia Champions ADIDAS",
    "description": "Colonia Champions 100 ml",
    "category": "Masculinas",
    "url": "https://tienda.consum.es/es/p/colonia-champions/7390875",
    "price": 8.99,
    "reference_price": 8.99,
    "iva": 21,
    "reference_unit": "100 ml",
    "date": "2023-01-17"
  },
  {
    "id": 28356,
    "name": "Pincel Dual Cejas y Pestañas MakeUp PONETTE",
    "description": "Pincel Dual Cejas y Pestañas MakeUp 1 U",
    "category": "Ojos",
    "url": "https://tienda.consum.es/es/p/pincel-dual-cejas-y-pestanas-makeup/7391279",
    "price": 4.99,
    "reference_price": 4.99,
    "iva": 21,
    "reference_unit": "1 U",
    "date": "2023-01-17"
  },
  {
    "id": 28359,
    "name": "Infusión Probióticos y Manzanilla POMPADOUR",
    "description": "Infusión Probióticos y Manzanilla 15 U",
    "category": "Otras infusiones",
    "url": "https://tienda.consum.es/es/p/infusion-probioticos-y-manzanilla/7391386",
    "price": 2.99,
    "reference_price": 0.2,
    "iva": 10,
    "reference_unit": "1 U",
    "date": "2023-01-17"
  },
  {
    "id": 28361,
    "name": "Infusión Probióticos y Jengibre POMPADOUR",
    "description": "Infusión Probióticos y Jengibre 15 U",
    "category": "Otras infusiones",
    "url": "https://tienda.consum.es/es/p/infusion-probioticos-y-jengibre/7391407",
    "price": 2.99,
    "reference_price": 0.2,
    "iva": 10,
    "reference_unit": "1 U",
    "date": "2023-01-17"
  },
  {
    "id": 28362,
    "name": "Croqueta de Jamón congelada LA CULINARIA",
    "description": "Croqueta de Jamón 300 Gr",
    "category": "Croquetas y empanadillas",
    "url": "https://tienda.consum.es/es/p/croqueta-de-jamon-congelada/7391415",
    "price": 3.25,
    "reference_price": 10.83,
    "iva": 10,
    "reference_unit": "1 Kg",
    "date": "2023-01-17"
  },
  {
    "id": 28364,
    "name": "Ginebra Blackberry PREMIUM 38",
    "description": "Ginebra Blackberry 0,7 L",
    "category": "Licores y vermouth",
    "url": "https://tienda.consum.es/es/p/ginebra-blackberry/7391548",
    "price": 7.75,
    "reference_price": 11.07,
    "iva": 21,
    "reference_unit": "1 L",
    "date": "2023-01-17"
  },
  {
    "id": 28366,
    "name": "Pan Sésamo & Sea Salt WASA",
    "description": "Pan Sésamo & Sea Salt 190 Gr",
    "category": "Tostadas y minibiscotes",
    "url": "https://tienda.consum.es/es/p/pan-sesamo-sea-salt/7391584",
    "price": 2.99,
    "reference_price": 15.74,
    "iva": 10,
    "reference_unit": "1 Kg",
    "date": "2023-01-17"
  },
  {
    "id": 28367,
    "name": "Mistela Selección D.O. Valencia TURIS",
    "description": "Mistela Selección D.O. Valencia 0,75 L",
    "category": "Finos y dulces",
    "url": "https://tienda.consum.es/es/p/mistela-seleccion-do-valencia/7391618",
    "price": 4.2,
    "reference_price": 5.6,
    "iva": 21,
    "reference_unit": "1 L",
    "date": "2023-01-17"
  },
  {
    "id": 28369,
    "name": "Bocadillo 4 Unidades ",
    "description": "Bocadillo 4 Unidades 460 Gr",
    "category": "Pan de horno",
    "url": "https://tienda.consum.es/es/p/bocadillo-4-unidades/7391647",
    "price": 0.8,
    "reference_price": 1.74,
    "iva": 0,
    "reference_unit": "1 Kg",
    "date": "2023-01-17"
  },
  {
    "id": 28380,
    "name": "Crema de Vinagre Manzana CONSUM",
    "description": "Crema de Vinagre Manzana 250 ml",
    "category": "Vinagre",
    "url": "https://tienda.consum.es/es/p/crema-de-vinagre-manzana/7366458",
    "price": 2.7,
    "reference_price": 10.8,
    "iva": 10,
    "reference_unit": "1 L",
    "date": "2023-01-17"
  },
  {
    "id": 28381,
    "name": "Cera Perlas Caléndula KYREY",
    "description": "Cera Perlas Caléndula 400 ml",
    "category": "Cera ",
    "url": "https://tienda.consum.es/es/p/cera-perlas-calendula/7371532",
    "price": 3.99,
    "reference_price": 1,
    "iva": 21,
    "reference_unit": "100 ml",
    "date": "2023-01-17"
  },
  {
    "id": 28382,
    "name": "Dátil sin Hueso Doypack CONSUM",
    "description": "Dátil sin Hueso Doypack 300 Gr",
    "category": "Fruta seca",
    "url": "https://tienda.consum.es/es/p/datil-sin-hueso-doypack/7381226",
    "price": 2.2,
    "reference_price": 7.33,
    "iva": 10,
    "reference_unit": "1 Kg",
    "date": "2023-01-17"
  },
  {
    "id": 28391,
    "name": "Crema sin Aclarado 10 en 1 REVLON",
    "description": "Crema sin Aclarado 10 en 1 200 ml",
    "category": "Gel y cera",
    "url": "https://tienda.consum.es/es/p/crema-sin-aclarado-10-en-1/7389286",
    "price": 4.65,
    "reference_price": 2.33,
    "iva": 21,
    "reference_unit": "100 ml",
    "date": "2023-01-17"
  },
  {
    "id": 28408,
    "name": "Soja Texturizada Paquete LUENGO",
    "description": "Soja Texturizada Paquete 200 Gr",
    "category": "Legumbres Texturizadas",
    "url": "https://tienda.consum.es/es/p/soja-texturizada-paquete/7390305",
    "price": 2.75,
    "reference_price": 13.75,
    "iva": 10,
    "reference_unit": "1 Kg",
    "date": "2023-01-17"
  },
  {
    "id": 28410,
    "name": "Brocha Colorete MakeUp PONETTE",
    "description": "Brocha Colorete MakeUp 1 U",
    "category": "Brochas, pinceles y esponjas",
    "url": "https://tienda.consum.es/es/p/brocha-colorete-makeup/7391220",
    "price": 6.59,
    "reference_price": 6.59,
    "iva": 21,
    "reference_unit": "1 U",
    "date": "2023-01-17"
  },
  {
    "id": 28411,
    "name": "Cócktail Frutos Secos Mix5 Bolsa MISTERCORN",
    "description": "Cócktail Frutos Secos Mix5 Bolsa 160 Gr",
    "category": "Maíz tostado y cocktail",
    "url": "https://tienda.consum.es/es/p/cocktail-frutos-secos-mix5-bolsa/7391287",
    "price": 1.95,
    "reference_price": 12.19,
    "iva": 10,
    "reference_unit": "1 Kg",
    "date": "2023-01-17"
  },
  {
    "id": 28412,
    "name": "Pastillas de Encendido Ecológicas OK FUEGO",
    "description": "Pastillas de Encendido Ecológicas 32 U",
    "category": "Bazar",
    "url": "https://tienda.consum.es/es/p/pastillas-de-encendido-ecologicas/7391308",
    "price": 0.7,
    "reference_price": 0.02,
    "iva": 21,
    "reference_unit": "1 U",
    "date": "2023-01-17"
  },
  {
    "id": 28413,
    "name": "Ovillos de Madera Eco para Encendido OK FUEGO",
    "description": "Ovillos de Madera Eco para Encendido 24 U",
    "category": "Barbacoa, piscina y playa",
    "url": "https://tienda.consum.es/es/p/ovillos-de-madera-eco-para-encendido/7391311",
    "price": 3.59,
    "reference_price": 0.15,
    "iva": 21,
    "reference_unit": "1 U",
    "date": "2023-01-17"
  },
  {
    "id": 28414,
    "name": "Gel de Encendido 500 ml OK FUEGO",
    "description": "Gel de Encendido 500 ml 1 U",
    "category": "Barbacoa, piscina y playa",
    "url": "https://tienda.consum.es/es/p/gel-de-encendido-500-ml/7391316",
    "price": 2.39,
    "reference_price": 2.39,
    "iva": 21,
    "reference_unit": "1 U",
    "date": "2023-01-17"
  },
  {
    "id": 28415,
    "name": "Aperitivos Favoritos Bolsa CHEETOS",
    "description": "Aperitivos Favoritos Bolsa 115 Gr",
    "category": "Snacks y otros aperitivos",
    "url": "https://tienda.consum.es/es/p/aperitivos-favoritos-bolsa/7391365",
    "price": 1.79,
    "reference_price": 15.57,
    "iva": 10,
    "reference_unit": "1 Kg",
    "date": "2023-01-17"
  },
  {
    "id": 28416,
    "name": "Café Molido Colombia MARCILLA",
    "description": "Café Molido Colombia 200 Gr",
    "category": "Café Molido natural",
    "url": "https://tienda.consum.es/es/p/cafe-molido-colombia/7391378",
    "price": 3.99,
    "reference_price": 19.95,
    "iva": 10,
    "reference_unit": "1 Kg",
    "date": "2023-01-17"
  },
  {
    "id": 28418,
    "name": "Macaco Manju Estuche 4 Unidades DULCESOL",
    "description": "Macaco Manju Estuche 4 Unidades 100 Gr",
    "category": "Bollería industrial",
    "url": "https://tienda.consum.es/es/p/macaco-manju-estuche-4-unidades/7391597",
    "price": 1,
    "reference_price": 10,
    "iva": 10,
    "reference_unit": "1 Kg",
    "date": "2023-01-17"
  },
  {
    "id": 28419,
    "name": "Bombón Zebra Largo 3 Unidades DULCESOL",
    "description": "Bombón Zebra Largo 3 Unidades 120 Gr",
    "category": "Bollería industrial",
    "url": "https://tienda.consum.es/es/p/bombon-zebra-largo-3-unidades/7391600",
    "price": 1,
    "reference_price": 8.33,
    "iva": 10,
    "reference_unit": "1 Kg",
    "date": "2023-01-17"
  },
  {
    "id": 28420,
    "name": "Caña Zebra 2 Unidades DULCESOL",
    "description": "Caña Zebra 2 Unidades 160 Gr",
    "category": "Bollería industrial",
    "url": "https://tienda.consum.es/es/p/cana-zebra-2-unidades/7391605",
    "price": 1,
    "reference_price": 6.25,
    "iva": 10,
    "reference_unit": "1 Kg",
    "date": "2023-01-17"
  },
  {
    "id": 28424,
    "name": "Copos Avena Suave 100% Integral HARICAMAN",
    "description": "Copos Avena Suave 100% Integral 500 Gr",
    "category": "Cereales",
    "url": "https://tienda.consum.es/es/p/copos-avena-suave-100-integral/7391712",
    "price": 0.79,
    "reference_price": 1.58,
    "iva": 10,
    "reference_unit": "1 Kg",
    "date": "2023-01-17"
  },
  {
    "id": 28425,
    "name": "Muesli Frutos Secos Crujiente CERIDÉS",
    "description": "Muesli Frutos Secos Crujiente 500 Gr",
    "category": "Muesli",
    "url": "https://tienda.consum.es/es/p/muesli-frutos-secos-crujiente/7391717",
    "price": 2.19,
    "reference_price": 4.38,
    "iva": 10,
    "reference_unit": "1 Kg",
    "date": "2023-01-17"
  },
  {
    "id": 28426,
    "name": "Champú Anticaída Forte KERZO",
    "description": "Champú Anticaída Forte 400 ml",
    "category": "Anticaspa y anticaída",
    "url": "https://tienda.consum.es/es/p/champu-anticaida-forte/7391725",
    "price": 7.99,
    "reference_price": 2,
    "iva": 21,
    "reference_unit": "100 ml",
    "date": "2023-01-17"
  },
  {
    "id": 28427,
    "name": "Tónico Anticaída Forte KERZO",
    "description": "Tónico Anticaída Forte 150 ml",
    "category": "Anticaspa y anticaída",
    "url": "https://tienda.consum.es/es/p/tonico-anticaida-forte/7391733",
    "price": 7.99,
    "reference_price": 5.33,
    "iva": 21,
    "reference_unit": "100 ml",
    "date": "2023-01-17"
  },
  {
    "id": 28428,
    "name": "Mascarilla Pies Ultra Hidratante LOUA",
    "description": "Mascarilla Pies Ultra Hidratante 1 U",
    "category": "Body-lociones",
    "url": "https://tienda.consum.es/es/p/mascarilla-pies-ultra-hidratante/7391738",
    "price": 2.95,
    "reference_price": 2.95,
    "iva": 21,
    "reference_unit": "1 U",
    "date": "2023-01-17"
  },
  {
    "id": 28429,
    "name": "Máscarilla Pies Exfoliante LOUA",
    "description": "Máscarilla Pies Exfoliante 1 U",
    "category": "Body-lociones",
    "url": "https://tienda.consum.es/es/p/mascarilla-pies-exfoliante/7391741",
    "price": 3.95,
    "reference_price": 3.95,
    "iva": 21,
    "reference_unit": "1 U",
    "date": "2023-01-17"
  },
  {
    "id": 28431,
    "name": "Tarrito Manzana, Pera, Melocotón y Plátano BE PLUS",
    "description": "Tarrito Manzana, Pera, Melocotón y Plátano 2 x 200 Gr",
    "category": "Alimentación infantil",
    "url": "https://tienda.consum.es/es/p/tarrito-manzana-pera-melocoton-y-platano/7391790",
    "price": 1.99,
    "reference_price": 4.98,
    "iva": 10,
    "reference_unit": "1 Kg",
    "date": "2023-01-17"
  },
  {
    "id": 28432,
    "name": "Yogolino Natillas Pack de 4 NESTLE",
    "description": "Yogolino Natillas Pack de 4 4 x 100 Gr",
    "category": "Alimentación infantil",
    "url": "https://tienda.consum.es/es/p/yogolino-natillas-pack-de-4/7391803",
    "price": 2.9,
    "reference_price": 7.25,
    "iva": 10,
    "reference_unit": "1 Kg",
    "date": "2023-01-17"
  },
  {
    "id": 28433,
    "name": "Cacahuete Desgrasado en Polvo JUST LOADING",
    "description": "Cacahuete Desgrasado en Polvo 180 Gr",
    "category": "Para deportistas",
    "url": "https://tienda.consum.es/es/p/cacahuete-desgrasado-en-polvo/7391808",
    "price": 2.49,
    "reference_price": 13.83,
    "iva": 10,
    "reference_unit": "1 Kg",
    "date": "2023-01-17"
  },
  {
    "id": 28434,
    "name": "Ambientador Baño Hierba Fresca AMBIPUR",
    "description": "Ambientador Baño Hierba Fresca 1 U",
    "category": "Continuos y decorativos",
    "url": "https://tienda.consum.es/es/p/ambientador-bano-hierba-fresca/7391837",
    "price": 3.99,
    "reference_price": 3.99,
    "iva": 21,
    "reference_unit": "1 U",
    "date": "2023-01-17"
  },
  {
    "id": 28439,
    "name": "Gel Fijador Extrafuerte KYREY",
    "description": "Gel Fijador Extrafuerte 250 ml",
    "category": "Gel y cera",
    "url": "https://tienda.consum.es/es/p/gel-fijador-extrafuerte/7358372",
    "price": 1.4,
    "reference_price": 0.56,
    "iva": 21,
    "reference_unit": "100 ml",
    "date": "2023-01-17"
  },
  {
    "id": 28441,
    "name": "Toallitas Fresh KYREY",
    "description": "Toallitas Fresh 24 U",
    "category": "Toallitas",
    "url": "https://tienda.consum.es/es/p/toallitas-fresh/7380418",
    "price": 0.95,
    "reference_price": 0.04,
    "iva": 21,
    "reference_unit": "1 U",
    "date": "2023-01-17"
  },
  {
    "id": 28443,
    "name": "Cocido Madrileño Lata CONSUM",
    "description": "Cocido Madrileño Lata 440 Gr",
    "category": "Conservas",
    "url": "https://tienda.consum.es/es/p/cocido-madrileno-lata/7384423",
    "price": 1.8,
    "reference_price": 4.09,
    "iva": 10,
    "reference_unit": "1 Kg",
    "date": "2023-01-17"
  },
  {
    "id": 28444,
    "name": "Alubias con Chorizo Lata CONSUM",
    "description": "Alubias con Chorizo Lata 420 Gr",
    "category": "Conservas",
    "url": "https://tienda.consum.es/es/p/alubias-con-chorizo-lata/7384428",
    "price": 0.99,
    "reference_price": 2.36,
    "iva": 10,
    "reference_unit": "1 Kg",
    "date": "2023-01-17"
  },
  {
    "id": 28445,
    "name": "Garbanzos con Chorizo Lata CONSUM",
    "description": "Garbanzos con Chorizo Lata 420 Gr",
    "category": "Conservas",
    "url": "https://tienda.consum.es/es/p/garbanzos-con-chorizo-lata/7384431",
    "price": 1.35,
    "reference_price": 3.21,
    "iva": 10,
    "reference_unit": "1 Kg",
    "date": "2023-01-17"
  },
  {
    "id": 28452,
    "name": "Croquetas de Boletus a la Trufa congeladas LA CULINARIA",
    "description": "Croquetas de Boletus a la Trufa congeladas 300 Gr",
    "category": "Croquetas y empanadillas",
    "url": "https://tienda.consum.es/es/p/croquetas-de-boletus-a-la-trufa-congeladas/7391410",
    "price": 3.25,
    "reference_price": 10.83,
    "iva": 10,
    "reference_unit": "1 Kg",
    "date": "2023-01-17"
  },
  {
    "id": 28453,
    "name": "Piccolinis congelados de Frankfurt BUITONI",
    "description": "Piccolinis congelados de Frankfurt 270 Gr",
    "category": "Pizza congelada",
    "url": "https://tienda.consum.es/es/p/piccolinis-congelados-de-frankfurt/7391634",
    "price": 3.45,
    "reference_price": 12.78,
    "iva": 10,
    "reference_unit": "1 Kg",
    "date": "2023-01-17"
  },
  {
    "id": 28455,
    "name": "Plantillas Sport Talla 35-42 ACHUCHONAS",
    "description": "Plantillas Sport Talla 35-42 1 U",
    "category": "Limpieza calzado y accesorios",
    "url": "https://tienda.consum.es/es/p/plantillas-sport-talla-35-42/7391980",
    "price": 5.99,
    "reference_price": 5.99,
    "iva": 21,
    "reference_unit": "1 U",
    "date": "2023-01-17"
  },
  {
    "id": 28456,
    "name": "Plantilla Talonera ACHUCHONAS",
    "description": "Plantilla Talonera 1 U",
    "category": "Limpieza calzado y accesorios",
    "url": "https://tienda.consum.es/es/p/plantilla-talonera/7391993",
    "price": 2.19,
    "reference_price": 2.19,
    "iva": 21,
    "reference_unit": "1 U",
    "date": "2023-01-17"
  },
  {
    "id": 28457,
    "name": "Plantilla Delantera ACHUCHONAS",
    "description": "Plantilla Delantera 1 U",
    "category": "Limpieza calzado y accesorios",
    "url": "https://tienda.consum.es/es/p/plantilla-delantera/7392009",
    "price": 2.19,
    "reference_price": 2.19,
    "iva": 21,
    "reference_unit": "1 U",
    "date": "2023-01-17"
  },
  {
    "id": 28475,
    "name": "Perlas de Queso Rellenas de Frambuesa EL PASTOR",
    "description": "Perlas de Queso Rellenas de Frambuesa 125 Gr",
    "category": "Brie, camembert y cremosos",
    "url": "https://tienda.consum.es/es/p/perlas-de-queso-rellenas-de-frambuesa/7389096",
    "price": 2.68,
    "reference_price": 21.44,
    "iva": 0,
    "reference_unit": "1 Kg",
    "date": "2023-01-17"
  },
  {
    "id": 28477,
    "name": "Empanado Vegano GARDEN GOURM",
    "description": "Empanado Vegano 180 Gr",
    "category": "Veganos",
    "url": "https://tienda.consum.es/es/p/empanado-vegano/7391472",
    "price": 3.5,
    "reference_price": 19.44,
    "iva": 10,
    "reference_unit": "1 Kg",
    "date": "2023-01-17"
  },
  {
    "id": 28478,
    "name": "Apósitos Surtido Ultrasensible COSMOPLAST",
    "description": "Apósitos Surtido Ultrasensible 10 U",
    "category": "Bandas protectoras adhesivas",
    "url": "https://tienda.consum.es/es/p/apositos-surtido-ultrasensible/7391972",
    "price": 1.99,
    "reference_price": 0.2,
    "iva": 10,
    "reference_unit": "1 U",
    "date": "2023-01-17"
  },
  {
    "id": 28479,
    "name": "Plantilla Sujeta-Zapatos ACHUCHONAS",
    "description": "Plantilla Sujeta-Zapatos 1 U",
    "category": "Limpieza calzado y accesorios",
    "url": "https://tienda.consum.es/es/p/plantilla-sujeta-zapatos/7391998",
    "price": 1.69,
    "reference_price": 1.69,
    "iva": 21,
    "reference_unit": "1 U",
    "date": "2023-01-17"
  },
  {
    "id": 28480,
    "name": "Licor Café CANTEIRA N.",
    "description": "Licor Café 0,7 L",
    "category": "Licores y vermouth",
    "url": "https://tienda.consum.es/es/p/licor-cafe/7392038",
    "price": 5.99,
    "reference_price": 8.56,
    "iva": 21,
    "reference_unit": "1 L",
    "date": "2023-01-17"
  },
  {
    "id": 28481,
    "name": "Pouch Crazy Fruits Tutti Frutti NESTLE",
    "description": "Pouch Crazy Fruits Tutti Frutti 110 Gr",
    "category": "Alimentación infantil",
    "url": "https://tienda.consum.es/es/p/pouch-crazy-fruits-tutti-frutti/7392103",
    "price": 0.99,
    "reference_price": 9,
    "iva": 10,
    "reference_unit": "1 Kg",
    "date": "2023-01-17"
  },
  {
    "id": 28482,
    "name": "Pouch Yogolino Fresa y Manzana NESTLE",
    "description": "Pouch Yogolino Fresa y Manzana 100 Gr",
    "category": "Alimentación infantil",
    "url": "https://tienda.consum.es/es/p/pouch-yogolino-fresa-y-manzana/7392108",
    "price": 1.09,
    "reference_price": 10.9,
    "iva": 10,
    "reference_unit": "1 Kg",
    "date": "2023-01-17"
  },
  {
    "id": 28488,
    "name": "Escarola Bolsa CONSUM",
    "description": "Escarola Bolsa 150 Gr",
    "category": "Ensaladas y brotes",
    "url": "https://tienda.consum.es/es/p/escarola-bolsa/7392322",
    "price": 1.2,
    "reference_price": 8,
    "iva": 0,
    "reference_unit": "1 Kg",
    "date": "2023-01-17"
  },
  {
    "id": 28497,
    "name": "Galletas Digestive Pepitas Chocolate FONTANEDA",
    "description": "Galletas Digestive Pepitas Chocolate 338 Gr",
    "category": "Galletas de chocolate",
    "url": "https://tienda.consum.es/es/p/galletas-digestive-pepitas-chocolate/7391956",
    "price": 2.49,
    "reference_price": 7.37,
    "iva": 10,
    "reference_unit": "1 Kg",
    "date": "2023-01-17"
  },
  {
    "id": 28498,
    "name": "Sales de Baño Pure Energy IDC INSTITUT",
    "description": "Sales de Baño Pure Energy 350 Gr",
    "category": "Jabón en pastillas",
    "url": "https://tienda.consum.es/es/p/sales-de-bano-pure-energy/7392090",
    "price": 1.99,
    "reference_price": 5.69,
    "iva": 21,
    "reference_unit": "1 Kg",
    "date": "2023-01-17"
  },
  {
    "id": 28499,
    "name": "Body Milk Argán NIVEA",
    "description": "Body Milk Argán 400 ml",
    "category": "Body-lociones",
    "url": "https://tienda.consum.es/es/p/body-milk-argan/7392095",
    "price": 6.29,
    "reference_price": 1.57,
    "iva": 21,
    "reference_unit": "100 ml",
    "date": "2023-01-17"
  },
  {
    "id": 28500,
    "name": "Body Milk Nutritiva LACTOVIT",
    "description": "Body Milk Nutritiva 400 ml",
    "category": "Body-lociones",
    "url": "https://tienda.consum.es/es/p/body-milk-nutritiva/7392269",
    "price": 4.49,
    "reference_price": 1.12,
    "iva": 21,
    "reference_unit": "100 ml",
    "date": "2023-01-17"
  },
  {
    "id": 28501,
    "name": "Mini de Cristal 5 Unidades ",
    "description": "Mini de Cristal 5 Unidades 225 Gr",
    "category": "Pan hamburguesas y perritos",
    "url": "https://tienda.consum.es/es/p/mini-de-cristal-5-unidades/7392595",
    "price": 1.29,
    "reference_price": 5.73,
    "iva": 10,
    "reference_unit": "1 Kg",
    "date": "2023-01-17"
  },
  {
    "id": 28502,
    "name": "Tarta de Queso al Horno ",
    "description": "Tarta de Queso al Horno 500 Gr",
    "category": "Tartas ",
    "url": "https://tienda.consum.es/es/p/tarta-de-queso-al-horno/7392629",
    "price": 6.39,
    "reference_price": 12.78,
    "iva": 10,
    "reference_unit": "1 Kg",
    "date": "2023-01-17"
  },
  {
    "id": 28503,
    "name": "Rollo Cocina Compact FOXY",
    "description": "Rollo Cocina Compact 3 U",
    "category": "Papel de cocina",
    "url": "https://tienda.consum.es/es/p/rollo-cocina-compact/7392723",
    "price": 4.05,
    "reference_price": 1.35,
    "iva": 21,
    "reference_unit": "1 U",
    "date": "2023-01-17"
  },
  {
    "id": 28504,
    "name": "Espuma Extrafuerte KYREY",
    "description": "Espuma Extrafuerte 75 ml",
    "category": "Espumas y mousses",
    "url": "https://tienda.consum.es/es/p/espuma-extrafuerte/7358328",
    "price": 1.5,
    "reference_price": 2,
    "iva": 21,
    "reference_unit": "100 ml",
    "date": "2023-01-17"
  },
  {
    "id": 28505,
    "name": "Borla Maquillaje Polvos PONETTE",
    "description": "Borla Maquillaje Polvos 1 U",
    "category": "Brochas, pinceles y esponjas",
    "url": "https://tienda.consum.es/es/p/borla-maquillaje-polvos/7391147",
    "price": 3.15,
    "reference_price": 3.15,
    "iva": 21,
    "reference_unit": "1 U",
    "date": "2023-01-17"
  },
  {
    "id": 28506,
    "name": "Maíz Frito Bolsa MISTERCORN",
    "description": "Maíz Frito Bolsa 160 Gr",
    "category": "Maíz tostado y cocktail",
    "url": "https://tienda.consum.es/es/p/maiz-frito-bolsa/7391282",
    "price": 1.95,
    "reference_price": 12.19,
    "iva": 10,
    "reference_unit": "1 Kg",
    "date": "2023-01-17"
  },
  {
    "id": 28507,
    "name": "Agua Multifrutas 0% Azúcares SOLAN CABRAS",
    "description": "Agua Multifrutas 0% Azúcares 0,33 L",
    "category": "Agua con sabores",
    "url": "https://tienda.consum.es/es/p/agua-multifrutas-0-azucares/7391295",
    "price": 1.02,
    "reference_price": 3.09,
    "iva": 21,
    "reference_unit": "1 L",
    "date": "2023-01-17"
  },
  {
    "id": 28509,
    "name": "Cordón Plano Blanco 120 cm ACHUCHONAS",
    "description": "Cordón Plano Blanco 120 cm 1 U",
    "category": "Limpieza calzado y accesorios",
    "url": "https://tienda.consum.es/es/p/cordon-plano-blanco-120-cm/7392012",
    "price": 1.25,
    "reference_price": 1.25,
    "iva": 21,
    "reference_unit": "1 U",
    "date": "2023-01-17"
  },
  {
    "id": 28510,
    "name": "Cordón Vestir Negro 75 cm ACHUCHONAS",
    "description": "Cordón Vestir Negro 75 cm 1 U",
    "category": "Limpieza calzado y accesorios",
    "url": "https://tienda.consum.es/es/p/cordon-vestir-negro-75-cm/7392017",
    "price": 1.25,
    "reference_price": 1.25,
    "iva": 21,
    "reference_unit": "1 U",
    "date": "2023-01-17"
  },
  {
    "id": 28513,
    "name": "Quokka Sabor Burguer Relleno Vegetal Sandwich LA PIARA",
    "description": "Quokka Sabor Burguer Relleno Vegetal Sandwich 2 x 75 Gr",
    "category": "Patés y untables",
    "url": "https://tienda.consum.es/es/p/quokka-sabor-burguer-relleno-vegetal-sandwich/7392210",
    "price": 2.75,
    "reference_price": 18.33,
    "iva": 10,
    "reference_unit": "1 Kg",
    "date": "2023-01-17"
  },
  {
    "id": 28514,
    "name": "Paté Tapa Negra con Pedro Ximénez LA PIARA",
    "description": "Paté Tapa Negra con Pedro Ximénez 110 Gr",
    "category": "Patés y untables",
    "url": "https://tienda.consum.es/es/p/pate-tapa-negra-con-pedro-ximenez/7392215",
    "price": 1.95,
    "reference_price": 17.73,
    "iva": 10,
    "reference_unit": "1 Kg",
    "date": "2023-01-17"
  },
  {
    "id": 28515,
    "name": "Loción Piojos PARANIX",
    "description": "Loción Piojos 100 ml",
    "category": "Otros insecticidas",
    "url": "https://tienda.consum.es/es/p/locion-piojos/7392272",
    "price": 12.5,
    "reference_price": 12.5,
    "iva": 21,
    "reference_unit": "100 ml",
    "date": "2023-01-17"
  },
  {
    "id": 28518,
    "name": "Lasaña Paquete BARILLA",
    "description": "Lasaña Paquete 250 Gr",
    "category": "Canelones y lasagnas",
    "url": "https://tienda.consum.es/es/p/lasana-paquete/7392553",
    "price": 2.28,
    "reference_price": 9.12,
    "iva": 5,
    "reference_unit": "1 Kg",
    "date": "2023-01-17"
  },
  {
    "id": 28520,
    "name": "Hermético Rectangular 640 ml Expert SAN IGNACIO",
    "description": "Hermético Rectangular 640 ml Expert 1 U",
    "category": "Conservación alimentos",
    "url": "https://tienda.consum.es/es/p/hermetico-rectangular-640-ml-expert/7392900",
    "price": 6.19,
    "reference_price": 6.19,
    "iva": 21,
    "reference_unit": "1 U",
    "date": "2023-01-17"
  },
  {
    "id": 28523,
    "name": "Pizza Rustica Pepperoni Cheddar y Mozzarella DR.OETKER",
    "description": "Pizza congelada Rustica Pepperoni Cheddar y Mozzarella 565 Gr",
    "category": "Pizza congelada",
    "url": "https://tienda.consum.es/es/p/pizza-rustica-pepperoni-cheddar-y-mozzarella/7391985",
    "price": 5.89,
    "reference_price": 10.42,
    "iva": 10,
    "reference_unit": "1 Kg",
    "date": "2023-01-17"
  },
  {
    "id": 28525,
    "name": "Plumero Atrapapolvo con 4 Recambios WORLD ENERGY",
    "description": "Plumero Atrapapolvo con 4 Recambios 1 U",
    "category": "Bayetas, gamuzas y plumeros",
    "url": "https://tienda.consum.es/es/p/plumero-atrapapolvo-con-4-recambios/7392520",
    "price": 1.5,
    "reference_price": 1.5,
    "iva": 21,
    "reference_unit": "1 U",
    "date": "2023-01-17"
  },
  {
    "id": 28526,
    "name": "Desengrasante Pistola KH-7",
    "description": "Desengrasante Pistola 0,78 L",
    "category": "Limpieza cocina",
    "url": "https://tienda.consum.es/es/p/desengrasante-pistola/7392710",
    "price": 3.4,
    "reference_price": 4.36,
    "iva": 21,
    "reference_unit": "1 L",
    "date": "2023-01-17"
  },
  {
    "id": 28527,
    "name": "Desengrasante Recambio KH-7",
    "description": "Desengrasante Recambio 0,78 L",
    "category": "Limpieza cocina",
    "url": "https://tienda.consum.es/es/p/desengrasante-recambio/7392715",
    "price": 2.9,
    "reference_price": 3.72,
    "iva": 21,
    "reference_unit": "1 L",
    "date": "2023-01-17"
  },
  {
    "id": 28530,
    "name": "Papilla 8 Cereales 0% Azúcar Añadido HERO BABY",
    "description": "Papilla 8 Cereales 0% Azúcar Añadido 410 Gr",
    "category": "Alimentación infantil",
    "url": "https://tienda.consum.es/es/p/papilla-8-cereales-0-azucar-anadido/7392848",
    "price": 3.55,
    "reference_price": 8.66,
    "iva": 10,
    "reference_unit": "1 Kg",
    "date": "2023-01-17"
  },
  {
    "id": 28531,
    "name": "Papilla 8 Cereales y Miel 0% Azúcares Producidos HERO BABY",
    "description": "Papilla 8 Cereales y Miel 0% Azúcares Producidos 410 Gr",
    "category": "Alimentación infantil",
    "url": "https://tienda.consum.es/es/p/papilla-8-cereales-y-miel-0-azucares-producidos/7392850",
    "price": 3.55,
    "reference_price": 8.66,
    "iva": 10,
    "reference_unit": "1 Kg",
    "date": "2023-01-17"
  },
  {
    "id": 28533,
    "name": "Hueso Natural Jamón Femur MISTER ZOO",
    "description": "Hueso Natural Jamón Femur 1 U",
    "category": "Snacks",
    "url": "https://tienda.consum.es/es/p/hueso-natural-jamon-femur/7324291",
    "price": 1.39,
    "reference_price": 1.39,
    "iva": 10,
    "reference_unit": "1 U",
    "date": "2023-01-17"
  },
  {
    "id": 28534,
    "name": "Detergente Gel DIXAN",
    "description": "Detergente Gel 55 Lv",
    "category": "A máquina líquido",
    "url": "https://tienda.consum.es/es/p/detergente-gel/7392046",
    "price": 10.79,
    "reference_price": 0.2,
    "iva": 21,
    "reference_unit": "1 Lv",
    "date": "2023-01-17"
  },
  {
    "id": 28536,
    "name": "Detergente Gel Adiós al Separar DIXAN",
    "description": "Detergente Gel Adiós al Separar 37 Lv",
    "category": "A máquina líquido",
    "url": "https://tienda.consum.es/es/p/detergente-gel-adios-al-separar/7392058",
    "price": 7.49,
    "reference_price": 0.2,
    "iva": 21,
    "reference_unit": "1 Lv",
    "date": "2023-01-17"
  },
  {
    "id": 28539,
    "name": "Comida Seca Perros Mini Sensible Salmón ULTIMA",
    "description": "Comida Seca Perros Mini Sensible Salmón 1,5 Kg",
    "category": "Seco",
    "url": "https://tienda.consum.es/es/p/comida-seca-perros-mini-sensible-salmon/7392702",
    "price": 8.95,
    "reference_price": 5.97,
    "iva": 10,
    "reference_unit": "1 Kg",
    "date": "2023-01-17"
  },
  {
    "id": 28540,
    "name": "Zumo Tropical con Kale Refrigerado FRUTAE",
    "description": "Zumo Tropical con Kale Refrigerado 750 ml",
    "category": "Zumos refrigerados",
    "url": "https://tienda.consum.es/es/p/zumo-tropical-con-kale-refrigerado/7392751",
    "price": 2.15,
    "reference_price": 2.87,
    "iva": 10,
    "reference_unit": "1 L",
    "date": "2023-01-17"
  },
  {
    "id": 28541,
    "name": "Zumo Fresa, Plátano y Grosella FRUTAE",
    "description": "Zumo Fresa, Plátano y Grosella 750 ml",
    "category": "Zumos refrigerados",
    "url": "https://tienda.consum.es/es/p/zumo-fresa-platano-y-grosella/7392756",
    "price": 2.15,
    "reference_price": 2.87,
    "iva": 10,
    "reference_unit": "1 L",
    "date": "2023-01-17"
  },
  {
    "id": 28542,
    "name": "Hermético Rectangular 370 ml Expert SAN IGNACIO",
    "description": "Hermético Rectangular 370 ml Expert 1 U",
    "category": "Conservación alimentos",
    "url": "https://tienda.consum.es/es/p/hermetico-rectangular-370-ml-expert/7392897",
    "price": 4.49,
    "reference_price": 4.49,
    "iva": 21,
    "reference_unit": "1 U",
    "date": "2023-01-17"
  },
  {
    "id": 28544,
    "name": "Langostino Teriyaki congelado NOS",
    "description": "Langostino Teriyaki congelado 300 Gr",
    "category": "De carne o pescado",
    "url": "https://tienda.consum.es/es/p/langostino-teriyaki-congelado/7393101",
    "price": 3.99,
    "reference_price": 13.3,
    "iva": 10,
    "reference_unit": "1 Kg",
    "date": "2023-01-17"
  },
  {
    "id": 28546,
    "name": "Albóndigas con Patatas a lo Provenzal DELINATUR",
    "description": "Albóndigas con Patatas a lo Provenzal 300 Gr",
    "category": "De carne o pescado",
    "url": "https://tienda.consum.es/es/p/albondigas-con-patatas-a-lo-provenzal/7393130",
    "price": 2.99,
    "reference_price": 9.97,
    "iva": 10,
    "reference_unit": "1 Kg",
    "date": "2023-01-17"
  },
  {
    "id": 28549,
    "name": "Triángulo de Manzana ",
    "description": "Triángulo de Manzana 105 Gr",
    "category": "Napolitanas y hojaldres",
    "url": "https://tienda.consum.es/es/p/triangulo-de-manzana/7393242",
    "price": 0.99,
    "reference_price": 9.43,
    "iva": 10,
    "reference_unit": "1 Kg",
    "date": "2023-01-17"
  },
  {
    "id": 28552,
    "name": "Cordón Vestir Marrón 75 cm ACHUCHONAS",
    "description": "Cordón Vestir Marrón 75 cm 1 U",
    "category": "Limpieza calzado y accesorios",
    "url": "https://tienda.consum.es/es/p/cordon-vestir-marron-75-cm/7392020",
    "price": 1.25,
    "reference_price": 1.25,
    "iva": 21,
    "reference_unit": "1 U",
    "date": "2023-01-17"
  },
  {
    "id": 28554,
    "name": "Acondicionador Hialurónico ELVIVE",
    "description": "Acondicionador Hialurónico 300 ml",
    "category": "Acondicionadores",
    "url": "https://tienda.consum.es/es/p/acondicionador-hialuronico/7392454",
    "price": 3.35,
    "reference_price": 1.12,
    "iva": 21,
    "reference_unit": "100 ml",
    "date": "2023-01-17"
  },
  {
    "id": 28555,
    "name": "Champú Hialurónico ELVIVE",
    "description": "Champú Hialurónico 370 ml",
    "category": "Champú",
    "url": "https://tienda.consum.es/es/p/champu-hialuronico/7392467",
    "price": 3.89,
    "reference_price": 1.05,
    "iva": 21,
    "reference_unit": "100 ml",
    "date": "2023-01-17"
  },
  {
    "id": 28556,
    "name": "Mascarilla Hialurónico ELVIVE",
    "description": "Mascarilla Hialurónico 300 ml",
    "category": "Mascarillas cabello",
    "url": "https://tienda.consum.es/es/p/mascarilla-hialuronico/7392483",
    "price": 4,
    "reference_price": 1.33,
    "iva": 21,
    "reference_unit": "100 ml",
    "date": "2023-01-17"
  },
  {
    "id": 28559,
    "name": "Snacks Guisante Queso y Eneldo SNATT'S",
    "description": "Snacks Guisante Queso y Eneldo 110 Gr",
    "category": "Snacks y otros aperitivos",
    "url": "https://tienda.consum.es/es/p/snacks-guisante-queso-y-eneldo/7393077",
    "price": 1.75,
    "reference_price": 15.91,
    "iva": 10,
    "reference_unit": "1 Kg",
    "date": "2023-01-17"
  },
  {
    "id": 28560,
    "name": "Queso de Cabra 100% en Salmuera SÈNA",
    "description": "Queso de Cabra 100% en Salmuera 150 Gr",
    "category": "Frescos y para ensaladas",
    "url": "https://tienda.consum.es/es/p/queso-de-cabra-100-en-salmuera/7393080",
    "price": 1.82,
    "reference_price": 12.13,
    "iva": 0,
    "reference_unit": "1 Kg",
    "date": "2023-01-17"
  },
  {
    "id": 28561,
    "name": "Salsa Guacamole Frasco OLD EL PASO",
    "description": "Salsa Guacamole Frasco 320 Gr",
    "category": "Otras salsas",
    "url": "https://tienda.consum.es/es/p/salsa-guacamole-frasco/7393283",
    "price": 3.39,
    "reference_price": 10.59,
    "iva": 10,
    "reference_unit": "1 Kg",
    "date": "2023-01-17"
  },
  {
    "id": 28562,
    "name": "Salsa de Queso Frasco OLD EL PASO",
    "description": "Salsa de Queso Frasco 320 Gr",
    "category": "Otras salsas",
    "url": "https://tienda.consum.es/es/p/salsa-de-queso-frasco/7393288",
    "price": 3.39,
    "reference_price": 10.59,
    "iva": 10,
    "reference_unit": "1 Kg",
    "date": "2023-01-17"
  },
  {
    "id": 28563,
    "name": "Salsa Mejicana Frasco OLD EL PASO",
    "description": "Salsa Mejicana Frasco 312 Gr",
    "category": "Otras salsas",
    "url": "https://tienda.consum.es/es/p/salsa-mejicana-frasco/7393296",
    "price": 3.39,
    "reference_price": 10.87,
    "iva": 10,
    "reference_unit": "1 Kg",
    "date": "2023-01-17"
  },
  {
    "id": 28566,
    "name": "Champú Liso Keratina TRESEMME",
    "description": "Champú Liso Keratina 685 ml",
    "category": "Champú",
    "url": "https://tienda.consum.es/es/p/champu-liso-keratina/7393437",
    "price": 6.49,
    "reference_price": 0.95,
    "iva": 21,
    "reference_unit": "100 ml",
    "date": "2023-01-17"
  },
  {
    "id": 28567,
    "name": "Acondicionador Liso Keratina TRESEMME",
    "description": "Acondicionador Liso Keratina 685 ml",
    "category": "Acondicionadores",
    "url": "https://tienda.consum.es/es/p/acondicionador-liso-keratina/7393440",
    "price": 6.49,
    "reference_price": 0.95,
    "iva": 21,
    "reference_unit": "100 ml",
    "date": "2023-01-17"
  },
  {
    "id": 28578,
    "name": "Gel Fijador Extremo KYREY",
    "description": "Gel Fijador Extremo 250 ml",
    "category": "Gel y cera",
    "url": "https://tienda.consum.es/es/p/gel-fijador-extremo/7358377",
    "price": 1.5,
    "reference_price": 0.6,
    "iva": 21,
    "reference_unit": "100 ml",
    "date": "2023-01-17"
  },
  {
    "id": 28579,
    "name": "Comida Seca Perro Salmón Fresco VITALITY",
    "description": "Comida Seca Perro Salmón Fresco 10 Kg",
    "category": "Seco",
    "url": "https://tienda.consum.es/es/p/comida-seca-perro-salmon-fresco/7363307",
    "price": 23.5,
    "reference_price": 2.35,
    "iva": 10,
    "reference_unit": "1 Kg",
    "date": "2023-01-17"
  },
  {
    "id": 28580,
    "name": "Comida Seca Perro Mini Salmón Fresco VITALITY",
    "description": "Comida Seca Perro Mini Salmón Fresco 2 Kg",
    "category": "Seco",
    "url": "https://tienda.consum.es/es/p/comida-seca-perro-mini-salmon-fresco/7363315",
    "price": 5.79,
    "reference_price": 2.9,
    "iva": 10,
    "reference_unit": "1 Kg",
    "date": "2023-01-17"
  },
  {
    "id": 28581,
    "name": "Comida Seca Perro Razas Pequeñas Cordero VITALITY",
    "description": "Comida Seca Perro Razas Pequeñas Cordero 2 Kg",
    "category": "Seco",
    "url": "https://tienda.consum.es/es/p/comida-seca-perro-razas-pequenas-cordero/7373140",
    "price": 3.99,
    "reference_price": 2,
    "iva": 10,
    "reference_unit": "1 Kg",
    "date": "2023-01-17"
  },
  {
    "id": 28582,
    "name": "Galleta con Tableta de Chocolate con Leche CONSUM",
    "description": "Galleta con Tableta de Chocolate con Leche 150 Gr",
    "category": "Galletas de chocolate",
    "url": "https://tienda.consum.es/es/p/galleta-con-tableta-de-chocolate-con-leche/7383172",
    "price": 1.25,
    "reference_price": 8.33,
    "iva": 10,
    "reference_unit": "1 Kg",
    "date": "2023-01-17"
  },
  {
    "id": 28602,
    "name": "Plantillas Minigel ACHUCHONAS",
    "description": "Plantillas Minigel 1 U",
    "category": "Limpieza calzado y accesorios",
    "url": "https://tienda.consum.es/es/p/plantillas-minigel/7392004",
    "price": 2.99,
    "reference_price": 2.99,
    "iva": 21,
    "reference_unit": "1 U",
    "date": "2023-01-17"
  },
  {
    "id": 28603,
    "name": "Aplicador Crema Líquida Marrón PALC",
    "description": "Aplicador Crema Líquida Marrón 75 ml",
    "category": "Limpieza calzado y accesorios",
    "url": "https://tienda.consum.es/es/p/aplicador-crema-liquida-marron/7392152",
    "price": 0.99,
    "reference_price": 1.32,
    "iva": 21,
    "reference_unit": "100 ml",
    "date": "2023-01-17"
  },
  {
    "id": 28604,
    "name": "Aplicador Crema Líquida Blanco PALC",
    "description": "Aplicador Crema Líquida Blanco 75 ml",
    "category": "Limpieza calzado y accesorios",
    "url": "https://tienda.consum.es/es/p/aplicador-crema-liquida-blanco/7392157",
    "price": 0.99,
    "reference_price": 1.32,
    "iva": 21,
    "reference_unit": "100 ml",
    "date": "2023-01-17"
  },
  {
    "id": 28605,
    "name": "Aplicador Crema Líquida Negro PALC",
    "description": "Aplicador Crema Líquida Negro 75 ml",
    "category": "Limpieza calzado y accesorios",
    "url": "https://tienda.consum.es/es/p/aplicador-crema-liquida-negro/7392160",
    "price": 0.99,
    "reference_price": 1.32,
    "iva": 21,
    "reference_unit": "100 ml",
    "date": "2023-01-17"
  },
  {
    "id": 28606,
    "name": "Aplicador Crema Líquida Neutro PALC",
    "description": "Aplicador Crema Líquida Neutro 75 ml",
    "category": "Limpieza calzado y accesorios",
    "url": "https://tienda.consum.es/es/p/aplicador-crema-liquida-neutro/7392165",
    "price": 0.99,
    "reference_price": 1.32,
    "iva": 21,
    "reference_unit": "100 ml",
    "date": "2023-01-17"
  },
  {
    "id": 28607,
    "name": "Aplicador Crema Líquida Azul PALC",
    "description": "Aplicador Crema Líquida Azul 75 ml",
    "category": "Limpieza calzado y accesorios",
    "url": "https://tienda.consum.es/es/p/aplicador-crema-liquida-azul/7392173",
    "price": 0.99,
    "reference_price": 1.32,
    "iva": 21,
    "reference_unit": "100 ml",
    "date": "2023-01-17"
  },
  {
    "id": 28610,
    "name": "Crema Whisky ALEMBIC",
    "description": "Crema Whisky 0,7 L",
    "category": "Licores y vermouth",
    "url": "https://tienda.consum.es/es/p/crema-whisky/7393387",
    "price": 5.75,
    "reference_price": 8.21,
    "iva": 21,
    "reference_unit": "1 L",
    "date": "2023-01-17"
  },
  {
    "id": 28611,
    "name": "Champú Cuidado Clásico TRESEMME",
    "description": "Champú Cuidado Clásico 900 ml",
    "category": "Champú",
    "url": "https://tienda.consum.es/es/p/champu-cuidado-clasico/7393432",
    "price": 6.49,
    "reference_price": 0.72,
    "iva": 21,
    "reference_unit": "100 ml",
    "date": "2023-01-17"
  },
  {
    "id": 28612,
    "name": "Hojaldres de Astorga Bandeja 8 Unidades DULMA",
    "description": "Hojaldres de Astorga Bandeja 8 Unidades 240 Gr",
    "category": "Bollería industrial",
    "url": "https://tienda.consum.es/es/p/hojaldres-de-astorga-bandeja-8-unidades/7393742",
    "price": 1.59,
    "reference_price": 6.63,
    "iva": 10,
    "reference_unit": "1 Kg",
    "date": "2023-01-17"
  },
  {
    "id": 28613,
    "name": "Gomas Surtidas Brillo Veganas DAMEL",
    "description": "Gomas Surtidas Brillo Veganas 110 Gr",
    "category": "Chicles, caramelos y gominolas",
    "url": "https://tienda.consum.es/es/p/gomas-surtidas-brillo-veganas/7393838",
    "price": 0.95,
    "reference_price": 8.64,
    "iva": 10,
    "reference_unit": "1 Kg",
    "date": "2023-01-17"
  },
  {
    "id": 28615,
    "name": "Cucharilla de Maíz Reutilizable BETIK",
    "description": "Cucharilla de Maíz Reutilizable 50 U",
    "category": "Cubiertos, vasos y vajilla",
    "url": "https://tienda.consum.es/es/p/cucharilla-de-maiz-reutilizable/7393952",
    "price": 0.99,
    "reference_price": 0.02,
    "iva": 21,
    "reference_unit": "1 U",
    "date": "2023-01-17"
  },
  {
    "id": 28654,
    "name": "Albondigas de Pollo CONSUM",
    "description": "Albondigas de Pollo 350 Gr",
    "category": "Picadas y hamburguesas",
    "url": "https://tienda.consum.es/es/p/albondigas-de-pollo/7388007",
    "price": 3.15,
    "reference_price": 9,
    "iva": 10,
    "reference_unit": "1 Kg",
    "date": "2023-01-17"
  },
  {
    "id": 28655,
    "name": "Colgador WC Eucalipto CONSUM",
    "description": "Colgador WC Eucalipto 2 U",
    "category": "Limpieza baños",
    "url": "https://tienda.consum.es/es/p/colgador-wc-eucalipto/7389328",
    "price": 1.3,
    "reference_price": 0.65,
    "iva": 21,
    "reference_unit": "1 U",
    "date": "2023-01-17"
  },
  {
    "id": 28656,
    "name": "Esponja Maquillaje Látex PONETTE",
    "description": "Esponja Maquillaje Látex 2 U",
    "category": "Rostro",
    "url": "https://tienda.consum.es/es/p/esponja-maquillaje-latex/7391167",
    "price": 1.25,
    "reference_price": 0.63,
    "iva": 21,
    "reference_unit": "1 U",
    "date": "2023-01-17"
  },
  {
    "id": 28657,
    "name": "Mascarilla Nutritiva Aguacate HERBAL ESSEN",
    "description": "Mascarilla Nutritiva Aguacate 450 ml",
    "category": "Mascarillas cabello",
    "url": "https://tienda.consum.es/es/p/mascarilla-nutritiva-aguacate/7391977",
    "price": 7.99,
    "reference_price": 1.78,
    "iva": 21,
    "reference_unit": "100 ml",
    "date": "2023-01-17"
  },
  {
    "id": 28659,
    "name": "Pinza de Madera 24 Unidades TARRES",
    "description": "Pinza de Madera 24 Unidades 1 U",
    "category": "Útiles de limpieza",
    "url": "https://tienda.consum.es/es/p/pinza-de-madera-24-unidades/7392491",
    "price": 1.19,
    "reference_price": 1.19,
    "iva": 21,
    "reference_unit": "1 U",
    "date": "2023-01-17"
  },
  {
    "id": 28660,
    "name": "Pinza Plástico 24 Unidades TARRES",
    "description": "Pinza Plástico 24 Unidades 1 U",
    "category": "Útiles de limpieza",
    "url": "https://tienda.consum.es/es/p/pinza-plastico-24-unidades/7392496",
    "price": 0.69,
    "reference_price": 0.69,
    "iva": 21,
    "reference_unit": "1 U",
    "date": "2023-01-17"
  },
  {
    "id": 28661,
    "name": "Pinza Grande Plástico 12 Unidades TARRES",
    "description": "Pinza Grande Plástico 12 Unidades 1 U",
    "category": "Útiles de limpieza",
    "url": "https://tienda.consum.es/es/p/pinza-grande-plastico-12-unidades/7392504",
    "price": 1.25,
    "reference_price": 1.25,
    "iva": 21,
    "reference_unit": "1 U",
    "date": "2023-01-17"
  },
  {
    "id": 28663,
    "name": "Lavavajillas Concentrado Maxi Poder FAIRY",
    "description": "Lavavajillas Concentrado Maxi Poder 0,54 L",
    "category": "Lavavajillas a mano",
    "url": "https://tienda.consum.es/es/p/lavavajillas-concentrado-maxi-poder/7393184",
    "price": 4.79,
    "reference_price": 8.87,
    "iva": 21,
    "reference_unit": "1 L",
    "date": "2023-01-17"
  },
  {
    "id": 28665,
    "name": "Champú Hidratación TRESEMME",
    "description": "Champú Hidratación 900 ml",
    "category": "Champú",
    "url": "https://tienda.consum.es/es/p/champu-hidratacion/7393416",
    "price": 6.49,
    "reference_price": 0.72,
    "iva": 21,
    "reference_unit": "100 ml",
    "date": "2023-01-17"
  },
  {
    "id": 28666,
    "name": "Acondicionador Hidratante TRESEMME",
    "description": "Acondicionador Hidratante 900 ml",
    "category": "Acondicionadores",
    "url": "https://tienda.consum.es/es/p/acondicionador-hidratante/7393429",
    "price": 6.49,
    "reference_price": 0.72,
    "iva": 21,
    "reference_unit": "100 ml",
    "date": "2023-01-17"
  },
  {
    "id": 28667,
    "name": "Jarabe de Arce MAPLE JOE",
    "description": "Jarabe de Arce 150 Gr",
    "category": "Repostería para preparar",
    "url": "https://tienda.consum.es/es/p/jarabe-de-arce/7393726",
    "price": 3.99,
    "reference_price": 26.6,
    "iva": 10,
    "reference_unit": "1 Kg",
    "date": "2023-01-17"
  },
  {
    "id": 28669,
    "name": "Patatas Fritas Lisas Gourmet Bolsa LAY'S",
    "description": "Patatas Fritas Lisas Gourmet Bolsa 170 Gr",
    "category": "Patatas fritas",
    "url": "https://tienda.consum.es/es/p/patatas-fritas-lisas-gourmet-bolsa/7394260",
    "price": 2.79,
    "reference_price": 16.41,
    "iva": 10,
    "reference_unit": "1 Kg",
    "date": "2023-01-17"
  },
  {
    "id": 28670,
    "name": "Gel Avena Reparador KINESIA",
    "description": "Gel Avena Reparador 750 ml",
    "category": "Gel de baño",
    "url": "https://tienda.consum.es/es/p/gel-avena-reparador/7394265",
    "price": 2.99,
    "reference_price": 0.4,
    "iva": 21,
    "reference_unit": "100 ml",
    "date": "2023-01-17"
  },
  {
    "id": 28671,
    "name": "Gel Avena Atopic KINESIA",
    "description": "Gel Avena Atopic 750 ml",
    "category": "Gel de baño",
    "url": "https://tienda.consum.es/es/p/gel-avena-atopic/7394278",
    "price": 2.99,
    "reference_price": 0.4,
    "iva": 21,
    "reference_unit": "100 ml",
    "date": "2023-01-17"
  },
  {
    "id": 28672,
    "name": "Cerveza Rubia Artesana Botella BLONDE'S POP",
    "description": "Cerveza Rubia Artesana Botella 0,33 L",
    "category": "Especialidades",
    "url": "https://tienda.consum.es/es/p/cerveza-rubia-artesana-botella/7394299",
    "price": 1.69,
    "reference_price": 5.12,
    "iva": 21,
    "reference_unit": "1 L",
    "date": "2023-01-17"
  },
  {
    "id": 28673,
    "name": "Patatas Fritas Onduladas Yorqueso Bolsa RUFFLES",
    "description": "Patatas Fritas Onduladas Yorqueso Bolsa 150 Gr",
    "category": "Patatas fritas",
    "url": "https://tienda.consum.es/es/p/patatas-fritas-onduladas-yorqueso-bolsa/7394328",
    "price": 1.95,
    "reference_price": 13,
    "iva": 10,
    "reference_unit": "1 Kg",
    "date": "2023-01-17"
  },
  {
    "id": 28676,
    "name": "Burger con Secreto de Cerdo ROLER",
    "description": "Burger con Secreto de Cerdo 240 Gr",
    "category": "Picadas y hamburguesas",
    "url": "https://tienda.consum.es/es/p/burger-con-secreto-de-cerdo/7394443",
    "price": 2.75,
    "reference_price": 11.46,
    "iva": 10,
    "reference_unit": "1 Kg",
    "date": "2023-01-17"
  },
  {
    "id": 28677,
    "name": "Calçots Manojo ",
    "description": "Calçots Manojo 25 U - Sólo disponible jueves, viernes y sábado",
    "category": "Patatas, cebollas y ajos",
    "url": "https://tienda.consum.es/es/p/calcots-manojo/7394497",
    "price": 4.79,
    "reference_price": 0.19,
    "iva": 0,
    "reference_unit": "1 U",
    "date": "2023-01-17"
  },
  {
    "id": 28678,
    "name": "Comida Gato Fantastic Pescado FELIX",
    "description": "Comida Gato Fantastic Pescado 4 x 85 Gr",
    "category": "Húmedo",
    "url": "https://tienda.consum.es/es/p/comida-gato-fantastic-pescado/7394513",
    "price": 2.29,
    "reference_price": 6.74,
    "iva": 10,
    "reference_unit": "1 Kg",
    "date": "2023-01-17"
  },
  {
    "id": 28679,
    "name": "Comida Gato Gelatina Sensations Carne FELIX",
    "description": "Comida Gato Gelatina Sensations Carne 4 x 85 Gr",
    "category": "Húmedo",
    "url": "https://tienda.consum.es/es/p/comida-gato-gelatina-sensations-carne/7394518",
    "price": 2.35,
    "reference_price": 6.91,
    "iva": 10,
    "reference_unit": "1 Kg",
    "date": "2023-01-17"
  },
  {
    "id": 28680,
    "name": "Trigo Integral Miel ESGIR",
    "description": "Trigo Integral Miel 375 Gr",
    "category": "Cereales",
    "url": "https://tienda.consum.es/es/p/trigo-integral-miel/7394521",
    "price": 2.1,
    "reference_price": 5.6,
    "iva": 10,
    "reference_unit": "1 Kg",
    "date": "2023-01-17"
  },
  {
    "id": 28681,
    "name": "Copos Avena Integral sin Gluten ESGIR",
    "description": "Copos Avena Integral sin Gluten 450 Gr",
    "category": "Cereales",
    "url": "https://tienda.consum.es/es/p/copos-avena-integral-sin-gluten/7394526",
    "price": 2.5,
    "reference_price": 5.56,
    "iva": 10,
    "reference_unit": "1 Kg",
    "date": "2023-01-17"
  },
  {
    "id": 28682,
    "name": "Pan Tostado Integral 30 Rebanadas BIMBO",
    "description": "Pan Tostado Integral 30 Rebanadas 270 Gr",
    "category": "Tostadas y minibiscotes",
    "url": "https://tienda.consum.es/es/p/pan-tostado-integral-30-rebanadas/7394534",
    "price": 1.25,
    "reference_price": 4.63,
    "iva": 10,
    "reference_unit": "1 Kg",
    "date": "2023-01-17"
  },
  {
    "id": 28683,
    "name": "Pan Tostado Tradicional 30 Rebanadas BIMBO",
    "description": "Pan Tostado Tradicional 30 Rebanadas 270 Gr",
    "category": "Tostadas y minibiscotes",
    "url": "https://tienda.consum.es/es/p/pan-tostado-tradicional-30-rebanadas/7394542",
    "price": 1.25,
    "reference_price": 4.63,
    "iva": 10,
    "reference_unit": "1 Kg",
    "date": "2023-01-17"
  },
  {
    "id": 28684,
    "name": "100% Real Whey Protein Cookies and Cream PROZIS",
    "description": "100% Real Whey Protein Cookies and Cream 400 Gr",
    "category": "Para deportistas",
    "url": "https://tienda.consum.es/es/p/100-real-whey-protein-cookies-and-cream/7394559",
    "price": 14.9,
    "reference_price": 37.25,
    "iva": 10,
    "reference_unit": "1 Kg",
    "date": "2023-01-17"
  },
  {
    "id": 28685,
    "name": "Snacks para Perros Steaks Búfalo ADVENTUROS",
    "description": "Snacks para Perros Steaks Búfalo 70 Gr",
    "category": "Snacks",
    "url": "https://tienda.consum.es/es/p/snacks-para-perros-steaks-bufalo/7394716",
    "price": 3.19,
    "reference_price": 45.57,
    "iva": 10,
    "reference_unit": "1 Kg",
    "date": "2023-01-17"
  },
  {
    "id": 28687,
    "name": "Rosquilla de Huevo ",
    "description": "Rosquilla de Huevo 200 Gr",
    "category": "Pastas de té",
    "url": "https://tienda.consum.es/es/p/rosquilla-de-huevo/7394880",
    "price": 1.89,
    "reference_price": 9.45,
    "iva": 10,
    "reference_unit": "1 Kg",
    "date": "2023-01-17"
  },
  {
    "id": 28688,
    "name": "Maiz Dulce 2 Piezas Bandeja HUERCASA",
    "description": "Maiz Dulce 2 Piezas Bandeja 450 Gr",
    "category": "Otras verduras",
    "url": "https://tienda.consum.es/es/p/maiz-dulce-2-piezas-bandeja/7394922",
    "price": 1.49,
    "reference_price": 3.31,
    "iva": 10,
    "reference_unit": "1 Kg",
    "date": "2023-01-17"
  },
  {
    "id": 28689,
    "name": "Alubias a la Jardinera Bote CONSUM",
    "description": "Alubias a la Jardinera Bote 430 Gr",
    "category": "Platos preparados",
    "url": "https://tienda.consum.es/es/p/alubias-a-la-jardinera-bote/7385164",
    "price": 1.15,
    "reference_price": 2.67,
    "iva": 10,
    "reference_unit": "1 Kg",
    "date": "2023-01-17"
  },
  {
    "id": 28690,
    "name": "Garbanzos a la Jardinera Bote CONSUM",
    "description": "Garbanzos a la Jardinera Bote 440 Gr",
    "category": "Platos preparados",
    "url": "https://tienda.consum.es/es/p/garbanzos-a-la-jardinera-bote/7385169",
    "price": 1.15,
    "reference_price": 2.61,
    "iva": 10,
    "reference_unit": "1 Kg",
    "date": "2023-01-17"
  },
  {
    "id": 28691,
    "name": "Lentejas a la Jardinera Bote CONSUM",
    "description": "Lentejas a la Jardinera Bote 430 Gr",
    "category": "Platos preparados",
    "url": "https://tienda.consum.es/es/p/lentejas-a-la-jardinera-bote/7385172",
    "price": 1.15,
    "reference_price": 2.67,
    "iva": 10,
    "reference_unit": "1 Kg",
    "date": "2023-01-17"
  },
  {
    "id": 28693,
    "name": "Spray Fijador Maquillaje Acabado Mate GIO GIOVANNI",
    "description": "Spray Fijador Maquillaje Acabado Mate 70 ml",
    "category": "Rostro",
    "url": "https://tienda.consum.es/es/p/spray-fijador-maquillaje-acabado-mate/7387764",
    "price": 4.99,
    "reference_price": 7.13,
    "iva": 21,
    "reference_unit": "100 ml",
    "date": "2023-01-17"
  },
  {
    "id": 28697,
    "name": "Gel Afeitar Fusion Piel Sensible GILLETTE",
    "description": "Gel Afeitar Fusion Piel Sensible 200 ml",
    "category": "Gel y jabón de afeitado",
    "url": "https://tienda.consum.es/es/p/gel-afeitar-fusion-piel-sensible/7393064",
    "price": 5.49,
    "reference_price": 2.75,
    "iva": 21,
    "reference_unit": "100 ml",
    "date": "2023-01-17"
  },
  {
    "id": 28698,
    "name": "Crema Hidratante Skin Ultra Sensitive GILLETTE",
    "description": "Crema Hidratante Skin Ultra Sensitive 100 ml",
    "category": "Masculino",
    "url": "https://tienda.consum.es/es/p/crema-hidratante-skin-ultra-sensitive/7393069",
    "price": 7.99,
    "reference_price": 7.99,
    "iva": 21,
    "reference_unit": "100 ml",
    "date": "2023-01-17"
  },
  {
    "id": 28700,
    "name": "Champú Clásico PANTENE",
    "description": "Champú Clásico 425 ml",
    "category": "Champú",
    "url": "https://tienda.consum.es/es/p/champu-clasico/7393353",
    "price": 4.99,
    "reference_price": 1.17,
    "iva": 21,
    "reference_unit": "100 ml",
    "date": "2023-01-17"
  },
  {
    "id": 28702,
    "name": "Champú Superalimento BB 7 PANTENE",
    "description": "Champú Superalimento BB 7 425 ml",
    "category": "Champú",
    "url": "https://tienda.consum.es/es/p/champu-superalimento-bb-7/7393361",
    "price": 4.99,
    "reference_price": 1.17,
    "iva": 21,
    "reference_unit": "100 ml",
    "date": "2023-01-17"
  },
  {
    "id": 28703,
    "name": "Champú Repara y Protege PANTENE",
    "description": "Champú Repara y Protege 425 ml",
    "category": "Champú",
    "url": "https://tienda.consum.es/es/p/champu-repara-y-protege/7393374",
    "price": 4.99,
    "reference_price": 1.17,
    "iva": 21,
    "reference_unit": "100 ml",
    "date": "2023-01-17"
  },
  {
    "id": 28705,
    "name": "Champú Suave y Liso PANTENE",
    "description": "Champú Suave y Liso 425 ml",
    "category": "Champú",
    "url": "https://tienda.consum.es/es/p/champu-suave-y-liso/7393382",
    "price": 4.99,
    "reference_price": 1.17,
    "iva": 21,
    "reference_unit": "100 ml",
    "date": "2023-01-17"
  },
  {
    "id": 28706,
    "name": "Champú Rizos PANTENE",
    "description": "Champú Rizos 425 ml",
    "category": "Champú",
    "url": "https://tienda.consum.es/es/p/champu-rizos/7393390",
    "price": 4.99,
    "reference_price": 1.17,
    "iva": 21,
    "reference_unit": "100 ml",
    "date": "2023-01-17"
  },
  {
    "id": 28707,
    "name": "Acondicionador Repara y Protege PANTENE",
    "description": "Acondicionador Repara y Protege 350 ml",
    "category": "Acondicionadores",
    "url": "https://tienda.consum.es/es/p/acondicionador-repara-y-protege/7393395",
    "price": 4.99,
    "reference_price": 1.43,
    "iva": 21,
    "reference_unit": "100 ml",
    "date": "2023-01-17"
  },
  {
    "id": 28708,
    "name": "Acondicionador Suave y Liso PANTENE",
    "description": "Acondicionador Suave y Liso 350 ml",
    "category": "Acondicionadores",
    "url": "https://tienda.consum.es/es/p/acondicionador-suave-y-liso/7393403",
    "price": 4.99,
    "reference_price": 1.43,
    "iva": 21,
    "reference_unit": "100 ml",
    "date": "2023-01-17"
  },
  {
    "id": 28709,
    "name": "Mascarilla Suave y Liso PANTENE",
    "description": "Mascarilla Suave y Liso 300 ml",
    "category": "Mascarillas cabello",
    "url": "https://tienda.consum.es/es/p/mascarilla-suave-y-liso/7393408",
    "price": 4,
    "reference_price": 1.33,
    "iva": 21,
    "reference_unit": "100 ml",
    "date": "2023-01-17"
  },
  {
    "id": 28710,
    "name": "Mascarilla Repara y Protege PANTENE",
    "description": "Mascarilla Repara y Protege 300 ml",
    "category": "Mascarillas cabello",
    "url": "https://tienda.consum.es/es/p/mascarilla-repara-y-protege/7393411",
    "price": 4,
    "reference_price": 1.33,
    "iva": 21,
    "reference_unit": "100 ml",
    "date": "2023-01-17"
  },
  {
    "id": 28711,
    "name": "Mascarilla Rizos PANTENE",
    "description": "Mascarilla Rizos 300 ml",
    "category": "Mascarillas cabello",
    "url": "https://tienda.consum.es/es/p/mascarilla-rizos/7393424",
    "price": 4,
    "reference_price": 1.33,
    "iva": 21,
    "reference_unit": "100 ml",
    "date": "2023-01-17"
  },
  {
    "id": 28712,
    "name": "Toallita Higiénica Bebé Biodegradable BABY CREAM",
    "description": "Toallita Higiénica Bebé Biodegradable 60 U",
    "category": "Toallitas",
    "url": "https://tienda.consum.es/es/p/toallita-higienica-bebe-biodegradable/7394427",
    "price": 1.45,
    "reference_price": 0.02,
    "iva": 21,
    "reference_unit": "1 U",
    "date": "2023-01-17"
  },
  {
    "id": 28715,
    "name": "Dentífrico Max White Carbón COLGATE",
    "description": "Dentífrico Max White Carbón 75 ml",
    "category": "Dentífricos",
    "url": "https://tienda.consum.es/es/p/dentifrico-max-white-carbon/7394661",
    "price": 3.29,
    "reference_price": 4.39,
    "iva": 21,
    "reference_unit": "100 ml",
    "date": "2023-01-17"
  },
  {
    "id": 28716,
    "name": "Cepillo Dental Recyclean COLGATE",
    "description": "Cepillo Dental Recyclean 1 U",
    "category": "Higiene bucal",
    "url": "https://tienda.consum.es/es/p/cepillo-dental-recyclean/7394666",
    "price": 4.69,
    "reference_price": 4.69,
    "iva": 21,
    "reference_unit": "1 U",
    "date": "2023-01-17"
  },
  {
    "id": 28717,
    "name": "Limpiador Mutiusos Cal y Suciedad CILLIT BANG",
    "description": "Limpiador Mutiusos Cal y Suciedad 1 L",
    "category": "Limpieza hogar",
    "url": "https://tienda.consum.es/es/p/limpiador-mutiusos-cal-y-suciedad/7394893",
    "price": 3.9,
    "reference_price": 3.9,
    "iva": 21,
    "reference_unit": "1 L",
    "date": "2023-01-17"
  },
  {
    "id": 28718,
    "name": "Patatas Campesinas Bolsa LAY'S",
    "description": "Patatas Campesinas Bolsa 150 Gr",
    "category": "Patatas fritas",
    "url": "https://tienda.consum.es/es/p/patatas-campesinas-bolsa/7394950",
    "price": 1.95,
    "reference_price": 13,
    "iva": 10,
    "reference_unit": "1 Kg",
    "date": "2023-01-17"
  },
  {
    "id": 28719,
    "name": "Patatas Vinagreta Bolsa LAY'S",
    "description": "Patatas Vinagreta Bolsa 150 Gr",
    "category": "Patatas fritas",
    "url": "https://tienda.consum.es/es/p/patatas-vinagreta-bolsa/7394963",
    "price": 1.95,
    "reference_price": 13,
    "iva": 10,
    "reference_unit": "1 Kg",
    "date": "2023-01-17"
  },
  {
    "id": 28720,
    "name": "Chocolate Blanco con Galleta JUNGLY",
    "description": "Chocolate Blanco con Galleta 125 Gr",
    "category": "Tabletas",
    "url": "https://tienda.consum.es/es/p/chocolate-blanco-con-galleta/7395242",
    "price": 1.49,
    "reference_price": 11.92,
    "iva": 10,
    "reference_unit": "1 Kg",
    "date": "2023-01-17"
  },
  {
    "id": 28726,
    "name": "Galleta con Tableta Chocolate Blanco CONSUM",
    "description": "Galleta con Tableta Chocolate Blanco 150 Gr",
    "category": "Galletas de chocolate",
    "url": "https://tienda.consum.es/es/p/galleta-con-tableta-chocolate-blanco/7383180",
    "price": 1.25,
    "reference_price": 8.33,
    "iva": 10,
    "reference_unit": "1 Kg",
    "date": "2023-01-17"
  },
  {
    "id": 28727,
    "name": "Compresa Maxi Noche Discreet AUSONIA",
    "description": "Compresa Maxi Noche Discreet 12 U",
    "category": "Compresas y protegeslips",
    "url": "https://tienda.consum.es/es/p/compresa-maxi-noche-discreet/7393291",
    "price": 7.45,
    "reference_price": 0.62,
    "iva": 10,
    "reference_unit": "1 U",
    "date": "2023-01-17"
  },
  {
    "id": 28728,
    "name": "Compresa Maxi Día Discreet AUSONIA",
    "description": "Compresa Maxi Día Discreet 16 U",
    "category": "Compresas y protegeslips",
    "url": "https://tienda.consum.es/es/p/compresa-maxi-dia-discreet/7393325",
    "price": 7.45,
    "reference_price": 0.47,
    "iva": 10,
    "reference_unit": "1 U",
    "date": "2023-01-17"
  },
  {
    "id": 28730,
    "name": "Coulant de Chocolate MAISON",
    "description": "Coulant de Chocolate 2 x 90 Gr",
    "category": "Postres",
    "url": "https://tienda.consum.es/es/p/coulant-de-chocolate/7394141",
    "price": 2.45,
    "reference_price": 13.61,
    "iva": 10,
    "reference_unit": "1 Kg",
    "date": "2023-01-17"
  },
  {
    "id": 28731,
    "name": "Compresa Cottonlike Normal con Alas EVAX",
    "description": "Compresa Cottonlike Normal con Alas 19 U",
    "category": "Compresas y protegeslips",
    "url": "https://tienda.consum.es/es/p/compresa-cottonlike-normal-con-alas/7394484",
    "price": 2.69,
    "reference_price": 0.14,
    "iva": 4,
    "reference_unit": "1 U",
    "date": "2023-01-17"
  },
  {
    "id": 28732,
    "name": "Compresas Cottonlike Superplus con Alas EVAX",
    "description": "Compresas Cottonlike Superplus con Alas 12 U",
    "category": "Compresas y protegeslips",
    "url": "https://tienda.consum.es/es/p/compresas-cottonlike-superplus-con-alas/7394500",
    "price": 2.83,
    "reference_price": 0.24,
    "iva": 4,
    "reference_unit": "1 U",
    "date": "2023-01-17"
  },
  {
    "id": 28733,
    "name": "Compresas sin Alas Normal Fina y Segura EVAX",
    "description": "Compresas sin Alas Normal Fina y Segura 24 U",
    "category": "Compresas y protegeslips",
    "url": "https://tienda.consum.es/es/p/compresas-sin-alas-normal-fina-y-segura/7394505",
    "price": 2.13,
    "reference_price": 0.09,
    "iva": 4,
    "reference_unit": "1 U",
    "date": "2023-01-17"
  },
  {
    "id": 28734,
    "name": "Aros Cebolla congelados MC CAIN",
    "description": "Aros Cebolla congelados 400 Gr",
    "category": "Platos preparados",
    "url": "https://tienda.consum.es/es/p/aros-cebolla-congelados/7394570",
    "price": 2.69,
    "reference_price": 6.73,
    "iva": 10,
    "reference_unit": "1 Kg",
    "date": "2023-01-17"
  },
  {
    "id": 28735,
    "name": "Trozos de Bacalao Especial Guisos ANGOMAR",
    "description": "Trozos de Bacalao Especial Guisos 400 Gr",
    "category": "Ahumados",
    "url": "https://tienda.consum.es/es/p/trozos-de-bacalao-especial-guisos/7394588",
    "price": 4.35,
    "reference_price": 10.88,
    "iva": 10,
    "reference_unit": "1 Kg",
    "date": "2023-01-17"
  },
  {
    "id": 28736,
    "name": "Enjuague Bucal Naturals Protección Encías LISTERINE",
    "description": "Enjuague Bucal Naturals Protección Encías 500 ml",
    "category": "Higiene bucal",
    "url": "https://tienda.consum.es/es/p/enjuague-bucal-naturals-proteccion-encias/7394653",
    "price": 5.95,
    "reference_price": 1.19,
    "iva": 21,
    "reference_unit": "100 ml",
    "date": "2023-01-17"
  },
  {
    "id": 28741,
    "name": "Croquetas de Cocido ALDELIS",
    "description": "Croquetas de Cocido 190 Gr",
    "category": "De carne o pescado",
    "url": "https://tienda.consum.es/es/p/croquetas-de-cocido/7394729",
    "price": 2.15,
    "reference_price": 11.32,
    "iva": 10,
    "reference_unit": "1 Kg",
    "date": "2023-01-17"
  },
  {
    "id": 28742,
    "name": "Croquetas de Ibérico ALDELIS",
    "description": "Croquetas de Ibérico 190 Gr",
    "category": "De carne o pescado",
    "url": "https://tienda.consum.es/es/p/croquetas-de-iberico/7394732",
    "price": 2.15,
    "reference_price": 11.32,
    "iva": 10,
    "reference_unit": "1 Kg",
    "date": "2023-01-17"
  },
  {
    "id": 28743,
    "name": "Croquetas de Bacalao ALDELIS",
    "description": "Croquetas de Bacalao 190 Gr",
    "category": "De carne o pescado",
    "url": "https://tienda.consum.es/es/p/croquetas-de-bacalao/7394737",
    "price": 2.15,
    "reference_price": 11.32,
    "iva": 10,
    "reference_unit": "1 Kg",
    "date": "2023-01-17"
  },
  {
    "id": 28744,
    "name": "Alitas de Pollo Asadas CARNES FELIX",
    "description": "Alitas de Pollo Asadas",
    "category": "De carne o pescado",
    "url": "https://tienda.consum.es/es/p/alitas-de-pollo-asadas/7394745",
    "price": 5.5,
    "reference_price": 10.99,
    "iva": 10,
    "reference_unit": "1 Kg",
    "date": "2023-01-17"
  },
  {
    "id": 28745,
    "name": "Comida Perro Mini Júnior ULTIMA",
    "description": "Comida Perro Mini Júnior 1,5 Kg",
    "category": "Seco",
    "url": "https://tienda.consum.es/es/p/comida-perro-mini-junior/7394765",
    "price": 8.95,
    "reference_price": 5.97,
    "iva": 10,
    "reference_unit": "1 Kg",
    "date": "2023-01-17"
  },
  {
    "id": 28749,
    "name": "Vermouth Artesano Selección VIDAL",
    "description": "Vermouth Artesano Selección 1 L",
    "category": "Licores y vermouth",
    "url": "https://tienda.consum.es/es/p/vermouth-artesano-seleccion/7395155",
    "price": 3.3,
    "reference_price": 3.3,
    "iva": 21,
    "reference_unit": "1 L",
    "date": "2023-01-17"
  },
  {
    "id": 28752,
    "name": "Laca Uñas Ultra HDSnap So Shady REVLON",
    "description": "Laca Uñas Ultra HDSnap So Shady 1 U",
    "category": "Uñas",
    "url": "https://tienda.consum.es/es/p/laca-unas-ultra-hdsnap-so-shady/7395200",
    "price": 7.99,
    "reference_price": 7.99,
    "iva": 21,
    "reference_unit": "1 U",
    "date": "2023-01-17"
  },
  {
    "id": 28754,
    "name": "Laca Uñas Ultra HDSnap Think Pink REVLON",
    "description": "Laca Uñas Ultra HDSnap Think Pink 1 U",
    "category": "Uñas",
    "url": "https://tienda.consum.es/es/p/laca-unas-ultra-hdsnap-think-pink/7395213",
    "price": 7.99,
    "reference_price": 7.99,
    "iva": 21,
    "reference_unit": "1 U",
    "date": "2023-01-17"
  },
  {
    "id": 28756,
    "name": "Laca Uñas Ultra HDSnap Berry Blissed REVLON",
    "description": "Laca Uñas Ultra HDSnap Berry Blissed 1 U",
    "category": "Uñas",
    "url": "https://tienda.consum.es/es/p/laca-unas-ultra-hdsnap-berry-blissed/7395221",
    "price": 7.99,
    "reference_price": 7.99,
    "iva": 21,
    "reference_unit": "1 U",
    "date": "2023-01-17"
  },
  {
    "id": 28758,
    "name": "Laca Uñas Ultra HDSnap She's on Fire REVLON",
    "description": "Laca Uñas Ultra HDSnap She's on Fire 1 U",
    "category": "Uñas",
    "url": "https://tienda.consum.es/es/p/laca-unas-ultra-hdsnap-shes-on-fire/7395234",
    "price": 7.99,
    "reference_price": 7.99,
    "iva": 21,
    "reference_unit": "1 U",
    "date": "2023-01-17"
  },
  {
    "id": 28759,
    "name": "Ambientador Aerosol Ropa Limpia SPLASH",
    "description": "Ambientador Aerosol Ropa Limpia 300 ml",
    "category": "Aerosol spray o pistola",
    "url": "https://tienda.consum.es/es/p/ambientador-aerosol-ropa-limpia/7395247",
    "price": 1.3,
    "reference_price": 0.43,
    "iva": 21,
    "reference_unit": "100 ml",
    "date": "2023-01-17"
  },
  {
    "id": 28760,
    "name": "Ambientador Aerosol Fantasía SPLASH",
    "description": "Ambientador Aerosol Fantasía 300 ml",
    "category": "Aerosol spray o pistola",
    "url": "https://tienda.consum.es/es/p/ambientador-aerosol-fantasia/7395254",
    "price": 1.3,
    "reference_price": 0.43,
    "iva": 21,
    "reference_unit": "100 ml",
    "date": "2023-01-17"
  },
  {
    "id": 28761,
    "name": "Ambientador Aerosol Colonia SPLASH",
    "description": "Ambientador Aerosol Colonia 300 ml",
    "category": "Aerosol spray o pistola",
    "url": "https://tienda.consum.es/es/p/ambientador-aerosol-colonia/7395259",
    "price": 1.3,
    "reference_price": 0.43,
    "iva": 21,
    "reference_unit": "100 ml",
    "date": "2023-01-17"
  },
  {
    "id": 28762,
    "name": "Ambientador Aerosol Lavanda SPLASH",
    "description": "Ambientador Aerosol Lavanda 300 ml",
    "category": "Aerosol spray o pistola",
    "url": "https://tienda.consum.es/es/p/ambientador-aerosol-lavanda/7395262",
    "price": 1.3,
    "reference_price": 0.43,
    "iva": 21,
    "reference_unit": "100 ml",
    "date": "2023-01-17"
  },
  {
    "id": 28763,
    "name": "Ambientador Recambio Ropa Limpia SPLASH",
    "description": "Ambientador Recambio Ropa Limpia 250 ml",
    "category": "Eléctricos y automáticos",
    "url": "https://tienda.consum.es/es/p/ambientador-recambio-ropa-limpia/7395270",
    "price": 1.95,
    "reference_price": 0.78,
    "iva": 21,
    "reference_unit": "100 ml",
    "date": "2023-01-17"
  },
  {
    "id": 28764,
    "name": "Ambientador Recambio Floral SPLASH",
    "description": "Ambientador Recambio Floral 250 ml",
    "category": "Eléctricos y automáticos",
    "url": "https://tienda.consum.es/es/p/ambientador-recambio-floral/7395283",
    "price": 1.95,
    "reference_price": 0.78,
    "iva": 21,
    "reference_unit": "100 ml",
    "date": "2023-01-17"
  },
  {
    "id": 28766,
    "name": "Detergente Líquido Sensitive A.LAVANDERA",
    "description": "Detergente Líquido Sensitive 83 Lv",
    "category": "A máquina líquido",
    "url": "https://tienda.consum.es/es/p/detergente-liquido-sensitive/7395325",
    "price": 5.29,
    "reference_price": 0.06,
    "iva": 21,
    "reference_unit": "1 Lv",
    "date": "2023-01-17"
  },
  {
    "id": 28767,
    "name": "Limpiador Baño Brillo CILLIT BANG",
    "description": "Limpiador Baño Brillo 0,75 L",
    "category": "Limpieza baños",
    "url": "https://tienda.consum.es/es/p/limpiador-bano-brillo/7395411",
    "price": 4.99,
    "reference_price": 6.65,
    "iva": 21,
    "reference_unit": "1 L",
    "date": "2023-01-17"
  },
  {
    "id": 28768,
    "name": "Orujo Blanco CANTEIRA N.",
    "description": "Orujo Blanco 0,7 L",
    "category": "Licores y vermouth",
    "url": "https://tienda.consum.es/es/p/orujo-blanco/7395432",
    "price": 6.9,
    "reference_price": 9.86,
    "iva": 21,
    "reference_unit": "1 L",
    "date": "2023-01-17"
  },
  {
    "id": 28769,
    "name": "Plantilla Paseo Talla 37-45 ACHUCHONAS",
    "description": "Plantilla Paseo Talla 37-45 1 U",
    "category": "Limpieza calzado y accesorios",
    "url": "https://tienda.consum.es/es/p/plantilla-paseo-talla-37-45/7395452",
    "price": 4.99,
    "reference_price": 4.99,
    "iva": 21,
    "reference_unit": "1 U",
    "date": "2023-01-17"
  },
  {
    "id": 28772,
    "name": "Cereales Special K Classic KELLOGG'S",
    "description": "Cereales Special K Classic 375 Gr",
    "category": "Cereales",
    "url": "https://tienda.consum.es/es/p/cereales-special-k-classic/7395606",
    "price": 1.99,
    "reference_price": 5.31,
    "iva": 10,
    "reference_unit": "1 Kg",
    "date": "2023-01-17"
  },
  {
    "id": 28773,
    "name": "Comida Seca Perro Buey, Pollo y Vegetales VITALITY",
    "description": "Comida Seca Perro Buey, Pollo y Vegetales 10 Kg",
    "category": "Seco",
    "url": "https://tienda.consum.es/es/p/comida-seca-perro-buey-pollo-y-vegetales/7363252",
    "price": 12.9,
    "reference_price": 1.29,
    "iva": 10,
    "reference_unit": "1 Kg",
    "date": "2023-01-17"
  },
  {
    "id": 28774,
    "name": "Bayeta Microfibra Multisuperficies CONSUM",
    "description": "Bayeta Microfibra Multisuperficies 1 U",
    "category": "Bayetas, gamuzas y plumeros",
    "url": "https://tienda.consum.es/es/p/bayeta-microfibra-multisuperficies/7379829",
    "price": 1,
    "reference_price": 1,
    "iva": 21,
    "reference_unit": "1 U",
    "date": "2023-01-17"
  },
  {
    "id": 28775,
    "name": "Galleta con Tableta Chocolate Negro CONSUM",
    "description": "Galleta con Tableta Chocolate Negro 150 Gr",
    "category": "Galletas de chocolate",
    "url": "https://tienda.consum.es/es/p/galleta-con-tableta-chocolate-negro/7383177",
    "price": 1.25,
    "reference_price": 8.33,
    "iva": 10,
    "reference_unit": "1 Kg",
    "date": "2023-01-17"
  },
  {
    "id": 28776,
    "name": "Spray Plancha Fácil CONSUM",
    "description": "Spray Plancha Fácil 0,75 L",
    "category": "Aditivos y complementos",
    "url": "https://tienda.consum.es/es/p/spray-plancha-facil/7390610",
    "price": 1.95,
    "reference_price": 2.6,
    "iva": 21,
    "reference_unit": "1 L",
    "date": "2023-01-17"
  },
  {
    "id": 28777,
    "name": "Crema Orujo CANTEIRA N.",
    "description": "Crema Orujo 0,7 L",
    "category": "Licores y vermouth",
    "url": "https://tienda.consum.es/es/p/crema-orujo/7392488",
    "price": 6.6,
    "reference_price": 9.43,
    "iva": 21,
    "reference_unit": "1 L",
    "date": "2023-01-17"
  },
  {
    "id": 28779,
    "name": "Tarrina de Vainilla Carte d'Or + 40% Gratis FRIGO",
    "description": "Tarrina de Vainilla Carte d'Or + 40% Gratis 622 Gr",
    "category": "Tarrinas",
    "url": "https://tienda.consum.es/es/p/tarrina-de-vainilla-carte-dor-40-gratis/7393213",
    "price": 3.99,
    "reference_price": 6.41,
    "iva": 10,
    "reference_unit": "1 Kg",
    "date": "2023-01-17"
  },
  {
    "id": 28781,
    "name": "Compresas Cottonlike Súper con Alas EVAX",
    "description": "Compresas Cottonlike Súper con Alas 14 U",
    "category": "Compresas y protegeslips",
    "url": "https://tienda.consum.es/es/p/compresas-cottonlike-super-con-alas/7394489",
    "price": 2.41,
    "reference_price": 0.17,
    "iva": 4,
    "reference_unit": "1 U",
    "date": "2023-01-17"
  },
  {
    "id": 28782,
    "name": "Barrita Choco Krispies Caja 6 Unidades KELLOGG'S",
    "description": "Barrita Choco Krispies Caja 6 Unidades 6 x 20 Gr",
    "category": "Barritas ",
    "url": "https://tienda.consum.es/es/p/barrita-choco-krispies-caja-6-unidades/7394554",
    "price": 2.69,
    "reference_price": 22.42,
    "iva": 10,
    "reference_unit": "1 Kg",
    "date": "2023-01-17"
  },
  {
    "id": 28783,
    "name": "Costillas de Cerdo Barbacoa CARNES FELIX",
    "description": "Costillas de Cerdo Barbacoa",
    "category": "De carne o pescado",
    "url": "https://tienda.consum.es/es/p/costillas-de-cerdo-barbacoa/7394752",
    "price": 6,
    "reference_price": 11.99,
    "iva": 10,
    "reference_unit": "1 Kg",
    "date": "2023-01-17"
  },
  {
    "id": 28784,
    "name": "Colonia Muy Mío Origen BUSTAMANTE",
    "description": "Colonia Muy Mío Origen 100 ml",
    "category": "Masculinas",
    "url": "https://tienda.consum.es/es/p/colonia-muy-mio-origen/7394773",
    "price": 7.99,
    "reference_price": 7.99,
    "iva": 21,
    "reference_unit": "100 ml",
    "date": "2023-01-17"
  },
  {
    "id": 28785,
    "name": "Barra Maxi ",
    "description": "Barra Maxi 440 Gr",
    "category": "Pan de horno",
    "url": "https://tienda.consum.es/es/p/barra-maxi/7395130",
    "price": 1.82,
    "reference_price": 4,
    "iva": 0,
    "reference_unit": "1 Kg",
    "date": "2023-01-17"
  },
  {
    "id": 28786,
    "name": "Aceite de Oliva Virgen Extra IGP Jaén AIRES",
    "description": "Aceite de Oliva Virgen Extra IGP Jaén 500 ml",
    "category": "Aceite de oliva virgen y virgen extra",
    "url": "https://tienda.consum.es/es/p/aceite-de-oliva-virgen-extra-igp-jaen/7395304",
    "price": 4.53,
    "reference_price": 9.06,
    "iva": 5,
    "reference_unit": "1 L",
    "date": "2023-01-17"
  },
  {
    "id": 28789,
    "name": "Filete Anchoa Ahumado en Aceite de Oliva G.CANTABRICO",
    "description": "Filete Anchoa Ahumado en Aceite de Oliva 16 Gr",
    "category": "Anchoas",
    "url": "https://tienda.consum.es/es/p/filete-anchoa-ahumado-en-aceite-de-oliva/7395338",
    "price": 1.99,
    "reference_price": 12.44,
    "iva": 10,
    "reference_unit": "100 Gr",
    "date": "2023-01-17"
  },
  {
    "id": 28790,
    "name": "Filete de Anchoa Picante con Aceite de Oliva G.CANTABRICO",
    "description": "Filete de Anchoa Picante con Aceite de Oliva 16 Gr",
    "category": "Anchoas",
    "url": "https://tienda.consum.es/es/p/filete-de-anchoa-picante-con-aceite-de-oliva/7395346",
    "price": 1.99,
    "reference_price": 12.44,
    "iva": 10,
    "reference_unit": "100 Gr",
    "date": "2023-01-17"
  },
  {
    "id": 28794,
    "name": "Suavizante Twist Frutos Rojos FLOR",
    "description": "Suavizante Twist Frutos Rojos 59 Lv",
    "category": "Suavizante",
    "url": "https://tienda.consum.es/es/p/suavizante-twist-frutos-rojos/7395635",
    "price": 3.49,
    "reference_price": 0.06,
    "iva": 21,
    "reference_unit": "1 Lv",
    "date": "2023-01-17"
  },
  {
    "id": 28795,
    "name": "Suavizante Concentrado Frutos Rojos Twist FLOR",
    "description": "Suavizante Concentrado Frutos Rojos Twist 78 Lv",
    "category": "Suavizante",
    "url": "https://tienda.consum.es/es/p/suavizante-concentrado-frutos-rojos-twist/7395668",
    "price": 4.49,
    "reference_price": 0.06,
    "iva": 21,
    "reference_unit": "1 Lv",
    "date": "2023-01-17"
  },
  {
    "id": 28796,
    "name": "Suavizante Concentrado Melocotón Twist FLOR",
    "description": "Suavizante Concentrado Melocotón Twist 78 Lv",
    "category": "Suavizante",
    "url": "https://tienda.consum.es/es/p/suavizante-concentrado-melocoton-twist/7395671",
    "price": 4.49,
    "reference_price": 0.06,
    "iva": 21,
    "reference_unit": "1 Lv",
    "date": "2023-01-17"
  },
  {
    "id": 28797,
    "name": "Tomate Frito Cebolla Caramelizada ORLANDO",
    "description": "Tomate Frito Cebolla Caramelizada 495 Gr",
    "category": "Tomate",
    "url": "https://tienda.consum.es/es/p/tomate-frito-cebolla-caramelizada/7395705",
    "price": 2.49,
    "reference_price": 5.03,
    "iva": 10,
    "reference_unit": "1 Kg",
    "date": "2023-01-17"
  },
  {
    "id": 28798,
    "name": "Lomo de Bacalao Precortado ANGOMAR",
    "description": "Lomo de Bacalao Precortado",
    "category": "Ahumados",
    "url": "https://tienda.consum.es/es/p/lomo-de-bacalao-precortado/7394583",
    "price": 11.32,
    "reference_price": 18.9,
    "iva": 10,
    "reference_unit": "1 Kg",
    "date": "2023-01-17"
  },
  {
    "id": 28803,
    "name": "Fácil Untar con Sal Tarrina LURPAK",
    "description": "Fácil Untar con Sal Tarrina 200 Gr",
    "category": "Mantequilla y margarina",
    "url": "https://tienda.consum.es/es/p/facil-untar-con-sal-tarrina/7394021",
    "price": 4.1,
    "reference_price": 20.5,
    "iva": 10,
    "reference_unit": "1 Kg",
    "date": "2023-01-17"
  },
  {
    "id": 28804,
    "name": "Serum Hialurónico ELVIVE",
    "description": "Serum Hialurónico 1 U",
    "category": "Serums, aceites y otros",
    "url": "https://tienda.consum.es/es/p/serum-hialuronico/7394695",
    "price": 6,
    "reference_price": 6,
    "iva": 21,
    "reference_unit": "1 U",
    "date": "2023-01-17"
  },
  {
    "id": 28805,
    "name": "Bandas Depilatorias Faciales Piel Sensible VEET",
    "description": "Bandas Depilatorias Faciales Piel Sensible 20 U",
    "category": "Cera ",
    "url": "https://tienda.consum.es/es/p/bandas-depilatorias-faciales-piel-sensible/7395069",
    "price": 4.95,
    "reference_price": 0.25,
    "iva": 21,
    "reference_unit": "1 U",
    "date": "2023-01-17"
  },
  {
    "id": 28806,
    "name": "Bandas Depilatorias Pure Piel Sensible Corporales VEET",
    "description": "Bandas Depilatorias Pure Piel Sensible Corporales 20 U",
    "category": "Cera ",
    "url": "https://tienda.consum.es/es/p/bandas-depilatorias-pure-piel-sensible-corporales/7395072",
    "price": 5.29,
    "reference_price": 0.26,
    "iva": 21,
    "reference_unit": "1 U",
    "date": "2023-01-17"
  },
  {
    "id": 28807,
    "name": "Crema Facial Iluminadora Vitamina C OLAY",
    "description": "Crema Facial Iluminadora Vitamina C 50 ml",
    "category": "Hidratación",
    "url": "https://tienda.consum.es/es/p/crema-facial-iluminadora-vitamina-c/7395127",
    "price": 31.9,
    "reference_price": 63.8,
    "iva": 21,
    "reference_unit": "100 ml",
    "date": "2023-01-17"
  },
  {
    "id": 28812,
    "name": "Ambientador Recambio Colonia SPLASH",
    "description": "Ambientador Recambio Colonia 250 ml",
    "category": "Eléctricos y automáticos",
    "url": "https://tienda.consum.es/es/p/ambientador-recambio-colonia/7395275",
    "price": 1.95,
    "reference_price": 0.78,
    "iva": 21,
    "reference_unit": "100 ml",
    "date": "2023-01-17"
  },
  {
    "id": 28813,
    "name": "Cereales Rice Krispies KELLOGG'S",
    "description": "Cereales Rice Krispies 340 Gr",
    "category": "Cereales",
    "url": "https://tienda.consum.es/es/p/cereales-rice-krispies/7395614",
    "price": 3.69,
    "reference_price": 10.85,
    "iva": 10,
    "reference_unit": "1 Kg",
    "date": "2023-01-17"
  },
  {
    "id": 28815,
    "name": "Refresco Kiwi con Chía Botella TESORO NATUR",
    "description": "Refresco Kiwi con Chía Botella 0,45 L",
    "category": "Refrescos sin gas",
    "url": "https://tienda.consum.es/es/p/refresco-kiwi-con-chia-botella/7395726",
    "price": 1.55,
    "reference_price": 3.44,
    "iva": 21,
    "reference_unit": "1 L",
    "date": "2023-01-17"
  },
  {
    "id": 28817,
    "name": "Lejía con Detergente Azul ESTRELLA",
    "description": "Lejía con Detergente Azul 1,43 L",
    "category": "Lejía con detergente",
    "url": "https://tienda.consum.es/es/p/lejia-con-detergente-azul/7395739",
    "price": 1.95,
    "reference_price": 1.36,
    "iva": 21,
    "reference_unit": "1 L",
    "date": "2023-01-17"
  },
  {
    "id": 28818,
    "name": "Lejía con Detergente Limón ESTRELLA",
    "description": "Lejía con Detergente Limón 1,43 L",
    "category": "Lejía con detergente",
    "url": "https://tienda.consum.es/es/p/lejia-con-detergente-limon/7395788",
    "price": 1.95,
    "reference_price": 1.36,
    "iva": 21,
    "reference_unit": "1 L",
    "date": "2023-01-17"
  },
  {
    "id": 28819,
    "name": "Lejía con Detergente Pino ESTRELLA",
    "description": "Lejía con Detergente Pino 1,43 L",
    "category": "Lejía con detergente",
    "url": "https://tienda.consum.es/es/p/lejia-con-detergente-pino/7395791",
    "price": 1.95,
    "reference_price": 1.36,
    "iva": 21,
    "reference_unit": "1 L",
    "date": "2023-01-17"
  },
  {
    "id": 28820,
    "name": "Lejía Lavadora Plus NEUTREX",
    "description": "Lejía Lavadora Plus 1,9 L",
    "category": "Aditivos y complementos",
    "url": "https://tienda.consum.es/es/p/lejia-lavadora-plus/7395804",
    "price": 2.04,
    "reference_price": 1.07,
    "iva": 21,
    "reference_unit": "1 L",
    "date": "2023-01-17"
  },
  {
    "id": 28821,
    "name": "Lejía Lavadora Frescor Verde NEUTREX",
    "description": "Lejía Lavadora Frescor Verde 1,9 L",
    "category": "Aditivos y complementos",
    "url": "https://tienda.consum.es/es/p/lejia-lavadora-frescor-verde/7395812",
    "price": 2.04,
    "reference_price": 1.07,
    "iva": 21,
    "reference_unit": "1 L",
    "date": "2023-01-17"
  },
  {
    "id": 28822,
    "name": "Lejía Lavadora Futura Azul NEUTREX",
    "description": "Lejía Lavadora Futura Azul 1,9 L",
    "category": "Aditivos y complementos",
    "url": "https://tienda.consum.es/es/p/lejia-lavadora-futura-azul/7395817",
    "price": 2.15,
    "reference_price": 1.13,
    "iva": 21,
    "reference_unit": "1 L",
    "date": "2023-01-17"
  },
  {
    "id": 28825,
    "name": "Gel Fijador Extrafuerte GIORGI",
    "description": "Gel Fijador Extrafuerte 170 ml",
    "category": "Gel y cera",
    "url": "https://tienda.consum.es/es/p/gel-fijador-extrafuerte/7395999",
    "price": 2.8,
    "reference_price": 1.65,
    "iva": 21,
    "reference_unit": "100 ml",
    "date": "2023-01-17"
  },
  {
    "id": 28826,
    "name": "Gel Fijador Titanium GIORGI",
    "description": "Gel Fijador Titanium 170 ml",
    "category": "Gel y cera",
    "url": "https://tienda.consum.es/es/p/gel-fijador-titanium/7396000",
    "price": 2.8,
    "reference_price": 1.65,
    "iva": 21,
    "reference_unit": "100 ml",
    "date": "2023-01-17"
  },
  {
    "id": 28827,
    "name": "Gel Fijador Efecto Mojado GIORGI",
    "description": "Gel Fijador Efecto Mojado 170 ml",
    "category": "Gel y cera",
    "url": "https://tienda.consum.es/es/p/gel-fijador-efecto-mojado/7396005",
    "price": 2.8,
    "reference_price": 1.65,
    "iva": 21,
    "reference_unit": "100 ml",
    "date": "2023-01-17"
  },
  {
    "id": 28828,
    "name": "Gel Fijador Control Total GIORGI",
    "description": "Gel Fijador Control Total 170 ml",
    "category": "Gel y cera",
    "url": "https://tienda.consum.es/es/p/gel-fijador-control-total/7396026",
    "price": 2.8,
    "reference_price": 1.65,
    "iva": 21,
    "reference_unit": "100 ml",
    "date": "2023-01-17"
  },
  {
    "id": 28829,
    "name": "Te Negro Kombucha con Frutos Rojos HORNIMANS",
    "description": "Te Negro Kombucha con Frutos Rojos 20 U",
    "category": "Té",
    "url": "https://tienda.consum.es/es/p/te-negro-kombucha-con-frutos-rojos/7396039",
    "price": 2.79,
    "reference_price": 0.14,
    "iva": 10,
    "reference_unit": "1 U",
    "date": "2023-01-17"
  },
  {
    "id": 28830,
    "name": "Bandas Depilatorias Bikini Piel Sensible VEET",
    "description": "Bandas Depilatorias Bikini Piel Sensible 16 U",
    "category": "Cera ",
    "url": "https://tienda.consum.es/es/p/bandas-depilatorias-bikini-piel-sensible/7396042",
    "price": 5.19,
    "reference_price": 0.32,
    "iva": 21,
    "reference_unit": "1 U",
    "date": "2023-01-17"
  },
  {
    "id": 28831,
    "name": "Te verde Kombucha con Jengibre y Limón HORNIMANS",
    "description": "Te verde Kombucha con Jengibre y Limón 20 U",
    "category": "Té",
    "url": "https://tienda.consum.es/es/p/te-verde-kombucha-con-jengibre-y-limon/7396216",
    "price": 2.79,
    "reference_price": 0.14,
    "iva": 10,
    "reference_unit": "1 U",
    "date": "2023-01-17"
  },
  {
    "id": 28835,
    "name": "Bebida de Almendras con Calcio Brik FRIAS",
    "description": "Bebida de Almendras con Calcio Brik 1 L",
    "category": "Bebidas vegetales",
    "url": "https://tienda.consum.es/es/p/bebida-de-almendras-con-calcio-brik/7396443",
    "price": 1.35,
    "reference_price": 1.35,
    "iva": 10,
    "reference_unit": "1 L",
    "date": "2023-01-17"
  },
  {
    "id": 28836,
    "name": "Bebida de Avellanas con Calcio Brik FRIAS",
    "description": "Bebida de Avellanas con Calcio Brik 1 L",
    "category": "Bebidas vegetales",
    "url": "https://tienda.consum.es/es/p/bebida-de-avellanas-con-calcio-brik/7396450",
    "price": 1.35,
    "reference_price": 1.35,
    "iva": 10,
    "reference_unit": "1 L",
    "date": "2023-01-17"
  },
  {
    "id": 28838,
    "name": "Barrita Gofree Corn Flakes NESTLE",
    "description": "Barrita Gofree Corn Flakes 4 x 22 Gr",
    "category": "Barritas ",
    "url": "https://tienda.consum.es/es/p/barrita-gofree-corn-flakes/7396497",
    "price": 1.49,
    "reference_price": 16.93,
    "iva": 10,
    "reference_unit": "1 Kg",
    "date": "2023-01-17"
  },
  {
    "id": 28839,
    "name": "Pastillas Lavavajillas Original FAIRY",
    "description": "Pastillas Lavavajillas Original 21 Do",
    "category": "Lavavajillas a máquina",
    "url": "https://tienda.consum.es/es/p/pastillas-lavavajillas-original/7395650",
    "price": 6.69,
    "reference_price": 0.32,
    "iva": 21,
    "reference_unit": "1 Do",
    "date": "2023-01-17"
  },
  {
    "id": 28840,
    "name": "Choco Butter Whey Protein PROZIS",
    "description": "Choco Butter Whey Protein 200 Gr",
    "category": "Para deportistas",
    "url": "https://tienda.consum.es/es/p/choco-butter-whey-protein/7396208",
    "price": 4.49,
    "reference_price": 22.45,
    "iva": 10,
    "reference_unit": "1 Kg",
    "date": "2023-01-17"
  },
  {
    "id": 28841,
    "name": "Desodorante Spray Talco Mujer KYREY",
    "description": "Desodorante Spray Talco Mujer 200 ml",
    "category": "Spray",
    "url": "https://tienda.consum.es/es/p/desodorante-spray-talco-mujer/7345973",
    "price": 1.4,
    "reference_price": 0.7,
    "iva": 21,
    "reference_unit": "100 ml",
    "date": "2023-01-17"
  },
  {
    "id": 28842,
    "name": "Preparado Caldo Suave CONSUM",
    "description": "Preparado Caldo Suave",
    "category": "Cerdo",
    "url": "https://tienda.consum.es/es/p/preparado-caldo-suave/7390495",
    "price": 4.68,
    "reference_price": 5.19,
    "iva": 10,
    "reference_unit": "1 Kg",
    "date": "2023-01-17"
  },
  {
    "id": 28845,
    "name": "Rabo Estofado con Setas y Zanahoria SELECT CHEF",
    "description": "Rabo Estofado con Setas y Zanahoria 350 Gr",
    "category": "De carne o pescado",
    "url": "https://tienda.consum.es/es/p/rabo-estofado-con-setas-y-zanahoria/7394740",
    "price": 6.59,
    "reference_price": 18.83,
    "iva": 10,
    "reference_unit": "1 Kg",
    "date": "2023-01-17"
  },
  {
    "id": 28846,
    "name": "Sardinas Saladas ANGOLEVANTE",
    "description": "Sardinas Saladas 2 U",
    "category": "Surimis y salazones",
    "url": "https://tienda.consum.es/es/p/sardinas-saladas/7394927",
    "price": 1.15,
    "reference_price": 0.58,
    "iva": 10,
    "reference_unit": "1 U",
    "date": "2023-01-17"
  },
  {
    "id": 28855,
    "name": "Enjuague Bucal Triple Acción COLGATE",
    "description": "Enjuague Bucal Triple Acción 500 ml",
    "category": "Antisépticos y enjuagues",
    "url": "https://tienda.consum.es/es/p/enjuague-bucal-triple-accion/7396240",
    "price": 4.5,
    "reference_price": 0.9,
    "iva": 21,
    "reference_unit": "100 ml",
    "date": "2023-01-17"
  },
  {
    "id": 28856,
    "name": "Dentífrico Advanced Encías Sanas COLGATE",
    "description": "Dentífrico Advanced Encías Sanas 75 ml",
    "category": "Dentífricos",
    "url": "https://tienda.consum.es/es/p/dentifrico-advanced-encias-sanas/7396245",
    "price": 3.69,
    "reference_price": 4.92,
    "iva": 21,
    "reference_unit": "100 ml",
    "date": "2023-01-17"
  },
  {
    "id": 28857,
    "name": "Bote Conservación 0,5 L Poliéster y Polipropileno WORLD ENERGY",
    "description": "Bote Conservación 0,5 L Poliéster y Polipropileno 1 U",
    "category": "Conservación alimentos",
    "url": "https://tienda.consum.es/es/p/bote-conservacion-05-l-poliester-y-polipropileno/7396252",
    "price": 5.29,
    "reference_price": 5.29,
    "iva": 21,
    "reference_unit": "1 U",
    "date": "2023-01-17"
  },
  {
    "id": 28858,
    "name": "Bote Conservación 0,8 L Poliéster y Polipropileno WORLD ENERGY",
    "description": "Bote Conservación 0,8 L Poliéster y Polipropileno 1 U",
    "category": "Conservación alimentos",
    "url": "https://tienda.consum.es/es/p/bote-conservacion-08-l-poliester-y-polipropileno/7396257",
    "price": 6.29,
    "reference_price": 6.29,
    "iva": 21,
    "reference_unit": "1 U",
    "date": "2023-01-17"
  },
  {
    "id": 28859,
    "name": "Bote Conservación 1,2 L Poliéster y Polipropileno WORLD ENERGY",
    "description": "Bote Conservación 1,2 L Poliéster y Polipropileno 1 U",
    "category": "Conservación alimentos",
    "url": "https://tienda.consum.es/es/p/bote-conservacion-12-l-poliester-y-polipropileno/7396260",
    "price": 7.29,
    "reference_price": 7.29,
    "iva": 21,
    "reference_unit": "1 U",
    "date": "2023-01-17"
  },
  {
    "id": 28860,
    "name": "Bote Conservación 1,9 L Poliéster y Polipropileno WORLD ENERGY",
    "description": "Bote Conservación 1,9 L Poliéster y Polipropileno 1 U",
    "category": "Conservación alimentos",
    "url": "https://tienda.consum.es/es/p/bote-conservacion-19-l-poliester-y-polipropileno/7396273",
    "price": 9.49,
    "reference_price": 9.49,
    "iva": 21,
    "reference_unit": "1 U",
    "date": "2023-01-17"
  },
  {
    "id": 28861,
    "name": "Gel Afeitado Calmante Series GILLETTE",
    "description": "Gel Afeitado Calmante Series 200 ml",
    "category": "Gel y jabón de afeitado",
    "url": "https://tienda.consum.es/es/p/gel-afeitado-calmante-series/7396419",
    "price": 2.79,
    "reference_price": 1.4,
    "iva": 21,
    "reference_unit": "100 ml",
    "date": "2023-01-17"
  },
  {
    "id": 28862,
    "name": "Gel Afeitado Calmante Series GILLETTE",
    "description": "Gel Afeitado Calmante Series 75 ml",
    "category": "Gel y jabón de afeitado",
    "url": "https://tienda.consum.es/es/p/gel-afeitado-calmante-series/7396422",
    "price": 1.99,
    "reference_price": 2.65,
    "iva": 21,
    "reference_unit": "100 ml",
    "date": "2023-01-17"
  },
  {
    "id": 28863,
    "name": "Leche Entera Botella ASTURIANA",
    "description": "Leche Entera Botella 2,2 L",
    "category": "Entera",
    "url": "https://tienda.consum.es/es/p/leche-entera-botella/7396476",
    "price": 2.45,
    "reference_price": 1.11,
    "iva": 0,
    "reference_unit": "1 L",
    "date": "2023-01-17"
  },
  {
    "id": 28865,
    "name": "Pan de Molde Integral con Pipas DULCESOL",
    "description": "Pan de Molde Integral con Pipas 675 Gr",
    "category": "Con corteza",
    "url": "https://tienda.consum.es/es/p/pan-de-molde-integral-con-pipas/7396526",
    "price": 2.45,
    "reference_price": 3.63,
    "iva": 10,
    "reference_unit": "1 Kg",
    "date": "2023-01-17"
  },
  {
    "id": 28866,
    "name": "Pan de Molde Sin Gluten con Semillas BIMBO",
    "description": "Pan de Molde Sin Gluten con Semillas 280 Gr",
    "category": "Pan de molde integral y cereales",
    "url": "https://tienda.consum.es/es/p/pan-de-molde-sin-gluten-con-semillas/7396534",
    "price": 3.25,
    "reference_price": 11.61,
    "iva": 10,
    "reference_unit": "1 Kg",
    "date": "2023-01-17"
  },
  {
    "id": 28867,
    "name": "Infusión Hierba Luisa 20 Bolsitas POMPADOUR",
    "description": "Infusión Hierba Luisa 20 Bolsitas 20 U",
    "category": "Otras infusiones",
    "url": "https://tienda.consum.es/es/p/infusion-hierba-luisa-20-bolsitas/7396539",
    "price": 2.5,
    "reference_price": 0.13,
    "iva": 10,
    "reference_unit": "1 U",
    "date": "2023-01-17"
  },
  {
    "id": 28868,
    "name": "Licor de Hierbas CANTEIRA N.",
    "description": "Licor de Hierbas 0,7 L",
    "category": "Licores y vermouth",
    "url": "https://tienda.consum.es/es/p/licor-de-hierbas/7396583",
    "price": 5.8,
    "reference_price": 8.29,
    "iva": 21,
    "reference_unit": "1 L",
    "date": "2023-01-17"
  },
  {
    "id": 28869,
    "name": "Espumoso Blue Moscato PLATINO",
    "description": "Espumoso Blue Moscato 0,75 L",
    "category": "Cavas y sidras",
    "url": "https://tienda.consum.es/es/p/espumoso-blue-moscato/7396591",
    "price": 1.8,
    "reference_price": 2.4,
    "iva": 21,
    "reference_unit": "1 L",
    "date": "2023-01-17"
  },
  {
    "id": 28870,
    "name": "Tampón Compak Sujper plus TAMPAX",
    "description": "Tampón Compak Sujper plus 26 U",
    "category": "Tampones",
    "url": "https://tienda.consum.es/es/p/tampon-compak-sujper-plus/7396661",
    "price": 4.77,
    "reference_price": 0.18,
    "iva": 4,
    "reference_unit": "1 U",
    "date": "2023-01-17"
  },
  {
    "id": 28871,
    "name": "Bitter con Alcohol Soda Pack de 3 CINZANO",
    "description": "Bitter con Alcohol Soda Pack de 3 3 x 0,2 L",
    "category": "Licores y vermouth",
    "url": "https://tienda.consum.es/es/p/bitter-con-alcohol-soda-pack-de-3/7396760",
    "price": 5.99,
    "reference_price": 9.98,
    "iva": 21,
    "reference_unit": "1 L",
    "date": "2023-01-17"
  },
  {
    "id": 28879,
    "name": "Barra de Labios Color Riche Mate Nº125 L'OREAL",
    "description": "Barra de Labios Color Riche Mate Nº125 1 U",
    "category": "Labiales",
    "url": "https://tienda.consum.es/es/p/barra-de-labios-color-riche-mate-n125/7350275",
    "price": 8.99,
    "reference_price": 8.99,
    "iva": 21,
    "reference_unit": "1 U",
    "date": "2023-01-17"
  },
  {
    "id": 28881,
    "name": "Barra de Labios Color Riche Mate Nº110 L'OREAL",
    "description": "Barra de Labios Color Riche Mate Nº110 1 U",
    "category": "Labiales",
    "url": "https://tienda.consum.es/es/p/barra-de-labios-color-riche-mate-n110/7350291",
    "price": 8.99,
    "reference_price": 8.99,
    "iva": 21,
    "reference_unit": "1 U",
    "date": "2023-01-17"
  },
  {
    "id": 28882,
    "name": "Barra de Labios Color Riche Mate Nº129 L'OREAL",
    "description": "Barra de Labios Color Riche Mate Nº129 1 U",
    "category": "Labiales",
    "url": "https://tienda.consum.es/es/p/barra-de-labios-color-riche-mate-n129/7350296",
    "price": 8.99,
    "reference_price": 8.99,
    "iva": 21,
    "reference_unit": "1 U",
    "date": "2023-01-17"
  },
  {
    "id": 28885,
    "name": "Renovador Brillo Suelos CONSUM",
    "description": "Renovador Brillo Suelos 1,25 L",
    "category": "Abrillantador suelos",
    "url": "https://tienda.consum.es/es/p/renovador-brillo-suelos/7382997",
    "price": 1.69,
    "reference_price": 1.35,
    "iva": 21,
    "reference_unit": "1 L",
    "date": "2023-01-17"
  },
  {
    "id": 28886,
    "name": "Lasaña Boloñesa congelada LA COCINERA",
    "description": "Lasaña Boloñesa congelada 500 Gr",
    "category": "Canelones y lasañas",
    "url": "https://tienda.consum.es/es/p/lasana-bolonesa-congelada/7393929",
    "price": 4.76,
    "reference_price": 9.52,
    "iva": 5,
    "reference_unit": "1 Kg",
    "date": "2023-01-17"
  },
  {
    "id": 28889,
    "name": "Detergente Gel Adios al Separar MICOLOR",
    "description": "Detergente Gel Adios al Separar 28 Lv",
    "category": "A máquina líquido",
    "url": "https://tienda.consum.es/es/p/detergente-gel-adios-al-separar/7396211",
    "price": 6.1,
    "reference_price": 0.22,
    "iva": 21,
    "reference_unit": "1 Lv",
    "date": "2023-01-17"
  },
  {
    "id": 28890,
    "name": "Detergente Gel Black MICOLOR",
    "description": "Detergente Gel Black 21 Lv",
    "category": "A máquina líquido",
    "url": "https://tienda.consum.es/es/p/detergente-gel-black/7396229",
    "price": 5.39,
    "reference_price": 0.26,
    "iva": 21,
    "reference_unit": "1 Lv",
    "date": "2023-01-17"
  },
  {
    "id": 28891,
    "name": "Chapata Rústica RECONDO",
    "description": "Chapata Rústica 180 Gr",
    "category": "Tostadas y minibiscotes",
    "url": "https://tienda.consum.es/es/p/chapata-rustica/7396505",
    "price": 2.25,
    "reference_price": 12.5,
    "iva": 10,
    "reference_unit": "1 Kg",
    "date": "2023-01-17"
  },
  {
    "id": 28892,
    "name": "Tampones Compak Lites TAMPAX",
    "description": "Tampones Compak Lites 24 U",
    "category": "Tampones",
    "url": "https://tienda.consum.es/es/p/tampones-compak-lites/7396658",
    "price": 4.06,
    "reference_price": 0.17,
    "iva": 4,
    "reference_unit": "1 U",
    "date": "2023-01-17"
  },
  {
    "id": 28893,
    "name": "Tus Ensaladas Alubias GUTARRA",
    "description": "Tus Ensaladas Alubias 335 Gr",
    "category": "Alubias",
    "url": "https://tienda.consum.es/es/p/tus-ensaladas-alubias/7396778",
    "price": 2.65,
    "reference_price": 7.91,
    "iva": 10,
    "reference_unit": "1 Kg",
    "date": "2023-01-17"
  },
  {
    "id": 28894,
    "name": "Tus Ensaladas Garbanzos GUTARRA",
    "description": "Tus Ensaladas Garbanzos 335 Gr",
    "category": "Garbanzos",
    "url": "https://tienda.consum.es/es/p/tus-ensaladas-garbanzos/7396794",
    "price": 2.65,
    "reference_price": 7.91,
    "iva": 10,
    "reference_unit": "1 Kg",
    "date": "2023-01-17"
  },
  {
    "id": 28898,
    "name": "Maxibon Jungly 4 Unidades NESTLE",
    "description": "Maxibon Jungly 4 Unidades 360 Gr",
    "category": "Sándwich",
    "url": "https://tienda.consum.es/es/p/maxibon-jungly-4-unidades/7392512",
    "price": 4.99,
    "reference_price": 13.86,
    "iva": 10,
    "reference_unit": "1 Kg",
    "date": "2023-01-17"
  },
  {
    "id": 28900,
    "name": "Cono Extreme Cookie Caramelo NESTLE",
    "description": "Cono Extreme Cookie Caramelo 284 Gr",
    "category": "Conos",
    "url": "https://tienda.consum.es/es/p/cono-extreme-cookie-caramelo/7392574",
    "price": 4.95,
    "reference_price": 17.43,
    "iva": 10,
    "reference_unit": "1 Kg",
    "date": "2023-01-17"
  },
  {
    "id": 28901,
    "name": "Helado Donut MENORQUINA",
    "description": "Helado Donut 200 Gr",
    "category": "Bombones",
    "url": "https://tienda.consum.es/es/p/helado-donut/7392830",
    "price": 4.25,
    "reference_price": 21.25,
    "iva": 10,
    "reference_unit": "1 Kg",
    "date": "2023-01-17"
  },
  {
    "id": 28908,
    "name": "Postre Soja Frutos Rojos con Datiles sin azúcar ALPRO",
    "description": "Postre Soja Frutos Rojos con Datiles sin azúcar 400 Gr",
    "category": "Soja",
    "url": "https://tienda.consum.es/es/p/postre-soja-frutos-rojos-con-datiles-sin-azucar/7396765",
    "price": 2.59,
    "reference_price": 6.48,
    "iva": 10,
    "reference_unit": "1 Kg",
    "date": "2023-01-17"
  },
  {
    "id": 28915,
    "name": "Cacao Soluble 100% Natural VALOR",
    "description": "Cacao Soluble 100% Natural 250 Gr",
    "category": "Cacao soluble",
    "url": "https://tienda.consum.es/es/p/cacao-soluble-100-natural/7397631",
    "price": 3.99,
    "reference_price": 15.96,
    "iva": 10,
    "reference_unit": "1 Kg",
    "date": "2023-01-17"
  },
  {
    "id": 28930,
    "name": "Cono Alma de Chocolate 3+1 MENORQUINA",
    "description": "Cono Alma de Chocolate 3+1 354 Gr",
    "category": "Conos",
    "url": "https://tienda.consum.es/es/p/cono-alma-de-chocolate-31/7392843",
    "price": 3.65,
    "reference_price": 10.31,
    "iva": 10,
    "reference_unit": "1 Kg",
    "date": "2023-01-17"
  },
  {
    "id": 28938,
    "name": "Suavizante Concentrado Delicado FLOR",
    "description": "Suavizante Concentrado Delicado 78 Lv",
    "category": "Suavizante",
    "url": "https://tienda.consum.es/es/p/suavizante-concentrado-delicado/7395643",
    "price": 4.49,
    "reference_price": 0.06,
    "iva": 21,
    "reference_unit": "1 Lv",
    "date": "2023-01-17"
  },
  {
    "id": 28940,
    "name": "Máscara Colossal Curl MAYBELLINE",
    "description": "Máscara Colossal Curl 1 U",
    "category": "Ojos",
    "url": "https://tienda.consum.es/es/p/mascara-colossal-curl/7396328",
    "price": 9.99,
    "reference_price": 9.99,
    "iva": 21,
    "reference_unit": "1 U",
    "date": "2023-01-17"
  },
  {
    "id": 28941,
    "name": "Tarta de Queso Tarrina GRANJA RINYA",
    "description": "Tarta de Queso Tarrina 180 Gr",
    "category": "Otros postres",
    "url": "https://tienda.consum.es/es/p/tarta-de-queso-tarrina/7396513",
    "price": 1.69,
    "reference_price": 9.39,
    "iva": 10,
    "reference_unit": "1 Kg",
    "date": "2023-01-17"
  },
  {
    "id": 28942,
    "name": "Gyoza Pollo congelada ITSU",
    "description": "Gyoza Pollo congelada 240 Gr",
    "category": "Asiático",
    "url": "https://tienda.consum.es/es/p/gyoza-pollo-congelada/7397045",
    "price": 4.39,
    "reference_price": 18.29,
    "iva": 10,
    "reference_unit": "1 Kg",
    "date": "2023-01-17"
  },
  {
    "id": 28943,
    "name": "Plato Desechable Bio 16 cm 6 Unidades BETIK",
    "description": "Plato Desechable Bio 16 cm 6 Unidades 1 U",
    "category": "Cubiertos, vasos y vajilla",
    "url": "https://tienda.consum.es/es/p/plato-desechable-bio-16-cm-6-unidades/7397078",
    "price": 1.55,
    "reference_price": 1.55,
    "iva": 21,
    "reference_unit": "1 U",
    "date": "2023-01-17"
  },
  {
    "id": 28945,
    "name": "Crema Día Vitamina C Iluminadora GARNIER",
    "description": "Crema Día Vitamina C Iluminadora 50 ml",
    "category": "Hidratación",
    "url": "https://tienda.consum.es/es/p/crema-dia-vitamina-c-iluminadora/7397458",
    "price": 6.99,
    "reference_price": 13.98,
    "iva": 21,
    "reference_unit": "100 ml",
    "date": "2023-01-17"
  },
  {
    "id": 28946,
    "name": "Serum Vitamina C Antimanchas GARNIER",
    "description": "Serum Vitamina C Antimanchas 30 ml",
    "category": "Tratamiento",
    "url": "https://tienda.consum.es/es/p/serum-vitamina-c-antimanchas/7397461",
    "price": 11.9,
    "reference_price": 39.67,
    "iva": 21,
    "reference_unit": "100 ml",
    "date": "2023-01-17"
  },
  {
    "id": 28947,
    "name": "Crema Serum Vitamina C FP25 Antimanchas GARNIER",
    "description": "Crema Serum Vitamina C FP25 Antimanchas 50 ml",
    "category": "Hidratación",
    "url": "https://tienda.consum.es/es/p/crema-serum-vitamina-c-fp25-antimanchas/7397466",
    "price": 8.99,
    "reference_price": 17.98,
    "iva": 21,
    "reference_unit": "100 ml",
    "date": "2023-01-17"
  },
  {
    "id": 28948,
    "name": "Gel Champú PEPPA PIG",
    "description": "Gel Champú 400 ml",
    "category": "Infantiles",
    "url": "https://tienda.consum.es/es/p/gel-champu/7397474",
    "price": 3.95,
    "reference_price": 0.99,
    "iva": 21,
    "reference_unit": "100 ml",
    "date": "2023-01-17"
  },
  {
    "id": 28949,
    "name": "Colgador Gel Brillante Frescor Primavera BREF",
    "description": "Colgador Gel Brillante Frescor Primavera 2 U",
    "category": "Limpieza baños",
    "url": "https://tienda.consum.es/es/p/colgador-gel-brillante-frescor-primavera/7397649",
    "price": 3.79,
    "reference_price": 1.9,
    "iva": 21,
    "reference_unit": "1 U",
    "date": "2023-01-17"
  },
  {
    "id": 28950,
    "name": "Cajón Whisky con Cánela SPICE MONKEY",
    "description": "Cajón Whisky con Cánela 0,4 L",
    "category": "Licores y vermouth",
    "url": "https://tienda.consum.es/es/p/cajon-whisky-con-canela/7397651",
    "price": 9.29,
    "reference_price": 23.23,
    "iva": 21,
    "reference_unit": "1 L",
    "date": "2023-01-17"
  },
  {
    "id": 28952,
    "name": "Lavavajillas Mano Ultra Plus MISTOL",
    "description": "Lavavajillas Mano Ultra Plus 0,65 L",
    "category": "Lavavajillas a mano",
    "url": "https://tienda.consum.es/es/p/lavavajillas-mano-ultra-plus/7398147",
    "price": 2.19,
    "reference_price": 3.37,
    "iva": 21,
    "reference_unit": "1 L",
    "date": "2023-01-17"
  },
  {
    "id": 28963,
    "name": "Protector Solar FP 50 Bruma Resist.al Agua AGRADO",
    "description": "Protector Solar FP 50 Bruma Resist.al Agua 200 ml",
    "category": "Solares",
    "url": "https://tienda.consum.es/es/p/protector-solar-fp-50-bruma-resistal-agua/7395366",
    "price": 6.95,
    "reference_price": 3.48,
    "iva": 21,
    "reference_unit": "100 ml",
    "date": "2023-01-17"
  },
  {
    "id": 28966,
    "name": "Maquillaje Perfector Mate Mediu Deep MAYBELLINE",
    "description": "Maquillaje Perfector Mate Mediu Deep 1 U",
    "category": "Rostro",
    "url": "https://tienda.consum.es/es/p/maquillaje-perfector-mate-mediu-deep/7396125",
    "price": 14.9,
    "reference_price": 14.9,
    "iva": 21,
    "reference_unit": "1 U",
    "date": "2023-01-17"
  },
  {
    "id": 28967,
    "name": "Maquillaje Perfect Light Med Mate MAYBELLINE",
    "description": "Maquillaje Perfect Light Med Mate 1 U",
    "category": "Rostro",
    "url": "https://tienda.consum.es/es/p/maquillaje-perfect-light-med-mate/7396133",
    "price": 14.9,
    "reference_price": 14.9,
    "iva": 21,
    "reference_unit": "1 U",
    "date": "2023-01-17"
  },
  {
    "id": 28968,
    "name": "Maquillaje Perfector Medium Mate MAYBELLINE",
    "description": "Maquillaje Perfector Medium Mate 1 U",
    "category": "Rostro",
    "url": "https://tienda.consum.es/es/p/maquillaje-perfector-medium-mate/7396141",
    "price": 14.9,
    "reference_price": 14.9,
    "iva": 21,
    "reference_unit": "1 U",
    "date": "2023-01-17"
  },
  {
    "id": 28969,
    "name": "Maquillaje Perfector Light MAYBELLINE",
    "description": "Maquillaje Perfector Light 1 U",
    "category": "Rostro",
    "url": "https://tienda.consum.es/es/p/maquillaje-perfector-light/7396146",
    "price": 14.9,
    "reference_price": 14.9,
    "iva": 21,
    "reference_unit": "1 U",
    "date": "2023-01-17"
  },
  {
    "id": 28985,
    "name": "Gel Champú MINIONS",
    "description": "Gel Champú 400 ml",
    "category": "Infantiles",
    "url": "https://tienda.consum.es/es/p/gel-champu/7397479",
    "price": 3.95,
    "reference_price": 0.99,
    "iva": 21,
    "reference_unit": "100 ml",
    "date": "2023-01-17"
  },
  {
    "id": 28986,
    "name": "Café Doppio Espresso Cápsulas DOLCE GUSTO",
    "description": "Café Doppio Espresso Cápsulas 16 U",
    "category": "Café en cápsulas",
    "url": "https://tienda.consum.es/es/p/cafe-doppio-espresso-capsulas/7397615",
    "price": 4.89,
    "reference_price": 0.31,
    "iva": 10,
    "reference_unit": "1 U",
    "date": "2023-01-17"
  },
  {
    "id": 28987,
    "name": "Fumet de Pescado de Roca y Marisco G.BLANCA",
    "description": "Fumet de Pescado de Roca y Marisco 1 L",
    "category": "Caldos y sopas",
    "url": "https://tienda.consum.es/es/p/fumet-de-pescado-de-roca-y-marisco/7397750",
    "price": 2.99,
    "reference_price": 2.99,
    "iva": 10,
    "reference_unit": "1 L",
    "date": "2023-01-17"
  },
  {
    "id": 28988,
    "name": "Ensalada Completa Wraps CONSUM",
    "description": "Ensalada Completa Wraps 285 Gr",
    "category": "Ensaladas preparadas y guacamole",
    "url": "https://tienda.consum.es/es/p/ensalada-completa-wraps/7398563",
    "price": 2.99,
    "reference_price": 10.49,
    "iva": 10,
    "reference_unit": "1 Kg",
    "date": "2023-01-17"
  },
  {
    "id": 28993,
    "name": "Máscara Volume Million Balm Noir L'OREAL",
    "description": "Máscara Volume Million Balm Noir 1 U",
    "category": "Ojos",
    "url": "https://tienda.consum.es/es/p/mascara-volume-million-balm-noir/7391501",
    "price": 9.99,
    "reference_price": 9.99,
    "iva": 21,
    "reference_unit": "1 U",
    "date": "2023-01-17"
  },
  {
    "id": 28994,
    "name": "Tarrina Mini Joys Collection P-4 x 95 Ml. HAAGEN DAZS",
    "description": "Tarrina Mini Joys Collection P-4 x 95 Ml. 345 Gr",
    "category": "Tarrinas",
    "url": "https://tienda.consum.es/es/p/tarrina-mini-joys-collection-p-4-x-95-ml/7392975",
    "price": 6.99,
    "reference_price": 20.26,
    "iva": 10,
    "reference_unit": "1 Kg",
    "date": "2023-01-17"
  },
  {
    "id": 28996,
    "name": "Canelones de Atún congelados Pack de 8 Unidades LA COCINERA",
    "description": "Canelones de Atún congelados Pack de 8 Unidades 500 Gr",
    "category": "Canelones y lasañas",
    "url": "https://tienda.consum.es/es/p/canelones-de-atun-congelados-pack-de-8-unidades/7393895",
    "price": 4.76,
    "reference_price": 9.52,
    "iva": 5,
    "reference_unit": "1 Kg",
    "date": "2023-01-17"
  },
  {
    "id": 29002,
    "name": "Protector Solar FP 50+ Pistola Protege e Hidrata NIVEA",
    "description": "Protector Solar FP 50+ Pistola Protege e Hidrata 270 ml",
    "category": "Solares",
    "url": "https://tienda.consum.es/es/p/protector-solar-fp-50-pistola-protege-e-hidrata/7395585",
    "price": 15.49,
    "reference_price": 5.74,
    "iva": 21,
    "reference_unit": "100 ml",
    "date": "2023-01-17"
  },
  {
    "id": 29006,
    "name": "Tampón Compak Regular TAMPAX",
    "description": "Tampón Compak Regular 38 U",
    "category": "Tampones",
    "url": "https://tienda.consum.es/es/p/tampon-compak-regular/7396120",
    "price": 5.57,
    "reference_price": 0.15,
    "iva": 4,
    "reference_unit": "1 U",
    "date": "2023-01-17"
  },
  {
    "id": 29007,
    "name": "Tampón Compak Super TAMPAX",
    "description": "Tampón Compak Super 36 U",
    "category": "Tampones",
    "url": "https://tienda.consum.es/es/p/tampon-compak-super/7396138",
    "price": 5.57,
    "reference_price": 0.15,
    "iva": 4,
    "reference_unit": "1 U",
    "date": "2023-01-17"
  },
  {
    "id": 29009,
    "name": "Anilla Andaluza Horno congelada FANDICOSTA",
    "description": "Anilla Andaluza Horno congelada 360 Gr",
    "category": "Pescados y mariscos",
    "url": "https://tienda.consum.es/es/p/anilla-andaluza-horno-congelada/7396716",
    "price": 4.99,
    "reference_price": 13.86,
    "iva": 10,
    "reference_unit": "1 Kg",
    "date": "2023-01-17"
  },
  {
    "id": 29012,
    "name": "Hamburguesa Original 100% Vegetal HEURA",
    "description": "Hamburguesa Original 100% Vegetal 220 Gr",
    "category": "Otros elaborados",
    "url": "https://tienda.consum.es/es/p/hamburguesa-original-100-vegetal/7397560",
    "price": 4.99,
    "reference_price": 22.68,
    "iva": 10,
    "reference_unit": "1 Kg",
    "date": "2023-01-17"
  },
  {
    "id": 29014,
    "name": "Cafe Colombia Cápsulas MARCILLA",
    "description": "Cafe Colombia Cápsulas 20 U",
    "category": "Café en cápsulas",
    "url": "https://tienda.consum.es/es/p/cafe-colombia-capsulas/7397599",
    "price": 5.99,
    "reference_price": 0.3,
    "iva": 10,
    "reference_unit": "1 U",
    "date": "2023-01-17"
  },
  {
    "id": 29016,
    "name": "Gel Limpiador Facial Camomila FLOR DE MAYO",
    "description": "Gel Limpiador Facial Camomila 190 ml",
    "category": "Limpieza y desmaquilladores",
    "url": "https://tienda.consum.es/es/p/gel-limpiador-facial-camomila/7397727",
    "price": 4.95,
    "reference_price": 2.61,
    "iva": 21,
    "reference_unit": "100 ml",
    "date": "2023-01-17"
  },
  {
    "id": 29023,
    "name": "Varitas Pescado congeladas FINDUS",
    "description": "Varitas Pescado congeladas 280 Gr",
    "category": "Pescado y marisco",
    "url": "https://tienda.consum.es/es/p/varitas-pescado-congeladas/7397847",
    "price": 3.19,
    "reference_price": 11.39,
    "iva": 10,
    "reference_unit": "1 Kg",
    "date": "2023-01-17"
  },
  {
    "id": 29031,
    "name": "Crema Cacao Noir Vaso Cristal NOCILLA",
    "description": "Crema Cacao Noir Vaso Cristal 180 Gr",
    "category": "Cremas de desayuno",
    "url": "https://tienda.consum.es/es/p/crema-cacao-noir-vaso-cristal/7398154",
    "price": 2.59,
    "reference_price": 14.39,
    "iva": 10,
    "reference_unit": "1 Kg",
    "date": "2023-01-17"
  },
  {
    "id": 29033,
    "name": "Chocolate con Leche Huesitos VALOR",
    "description": "Chocolate con Leche Huesitos 125 Gr",
    "category": "Tabletas",
    "url": "https://tienda.consum.es/es/p/chocolate-con-leche-huesitos/7398167",
    "price": 1.59,
    "reference_price": 12.72,
    "iva": 10,
    "reference_unit": "1 Kg",
    "date": "2023-01-17"
  },
  {
    "id": 29037,
    "name": "Cerveza Holandesa Lata HEINEKEN SIL",
    "description": "Cerveza Holandesa Lata 0,33 L",
    "category": "Importación lata",
    "url": "https://tienda.consum.es/es/p/cerveza-holandesa-lata/7398469",
    "price": 0.82,
    "reference_price": 2.48,
    "iva": 21,
    "reference_unit": "1 L",
    "date": "2023-01-17"
  },
  {
    "id": 29042,
    "name": "Protector Solar FP 50+ Bruma Infantil P.Sensibles AGRADO",
    "description": "Protector Solar FP 50+ Bruma Infantil P.Sensibles 200 ml",
    "category": "Solares",
    "url": "https://tienda.consum.es/es/p/protector-solar-fp-50-bruma-infantil-psensibles/7395361",
    "price": 7.49,
    "reference_price": 3.75,
    "iva": 21,
    "reference_unit": "100 ml",
    "date": "2023-01-17"
  },
  {
    "id": 29061,
    "name": "Espuma Extrafuerte KYREY",
    "description": "Espuma Extrafuerte 300 ml",
    "category": "Espumas y mousses",
    "url": "https://tienda.consum.es/es/p/espuma-extrafuerte/7358323",
    "price": 1.75,
    "reference_price": 0.58,
    "iva": 21,
    "reference_unit": "100 ml",
    "date": "2023-01-17"
  },
  {
    "id": 29062,
    "name": "Espuma Rizos KYREY",
    "description": "Espuma Rizos 300 ml",
    "category": "Espumas y mousses",
    "url": "https://tienda.consum.es/es/p/espuma-rizos/7358336",
    "price": 1.75,
    "reference_price": 0.58,
    "iva": 21,
    "reference_unit": "100 ml",
    "date": "2023-01-17"
  },
  {
    "id": 29064,
    "name": "Arroz 3 Delicias congelado CONSUM",
    "description": "Arroz 3 Delicias congelado 1 Kg",
    "category": "Carne, verduras y otros",
    "url": "https://tienda.consum.es/es/p/arroz-3-delicias-congelado/7367969",
    "price": 2.8,
    "reference_price": 2.8,
    "iva": 10,
    "reference_unit": "1 Kg",
    "date": "2023-01-17"
  },
  {
    "id": 29067,
    "name": "Quitamanchas Ropa Blanca CONSUM",
    "description": "Quitamanchas Ropa Blanca 2 L",
    "category": "Aditivos y complementos",
    "url": "https://tienda.consum.es/es/p/quitamanchas-ropa-blanca/7391555",
    "price": 1.7,
    "reference_price": 0.85,
    "iva": 21,
    "reference_unit": "1 L",
    "date": "2023-01-17"
  },
  {
    "id": 29068,
    "name": "Quitamanchas Ropa Color CONSUM",
    "description": "Quitamanchas Ropa Color 2 L",
    "category": "Aditivos y complementos",
    "url": "https://tienda.consum.es/es/p/quitamanchas-ropa-color/7391563",
    "price": 1.7,
    "reference_price": 0.85,
    "iva": 21,
    "reference_unit": "1 L",
    "date": "2023-01-17"
  },
  {
    "id": 29069,
    "name": "Lasaña congelada Barbacoa LA COCINERA",
    "description": "Lasaña congelada Barbacoa 500 Gr",
    "category": "Canelones y lasañas",
    "url": "https://tienda.consum.es/es/p/lasana-congelada-barbacoa/7393924",
    "price": 4.76,
    "reference_price": 9.52,
    "iva": 5,
    "reference_unit": "1 Kg",
    "date": "2023-01-17"
  },
  {
    "id": 29072,
    "name": "Mousse Proteína Sabor Chocolate VALIO",
    "description": "Mousse Proteína Sabor Chocolate 150 Gr",
    "category": "Yogures especial salud",
    "url": "https://tienda.consum.es/es/p/mousse-proteina-sabor-chocolate/7395903",
    "price": 1.59,
    "reference_price": 10.6,
    "iva": 10,
    "reference_unit": "1 Kg",
    "date": "2023-01-17"
  },
  {
    "id": 29073,
    "name": "Pouch Yogisan Fresa Plátano BE PLUS",
    "description": "Pouch Yogisan Fresa Plátano 90 Gr",
    "category": "Alimentación infantil",
    "url": "https://tienda.consum.es/es/p/pouch-yogisan-fresa-platano/7396224",
    "price": 0.9,
    "reference_price": 10,
    "iva": 10,
    "reference_unit": "1 Kg",
    "date": "2023-01-17"
  },
  {
    "id": 29074,
    "name": "Pouch Yogisan Original BE PLUS",
    "description": "Pouch Yogisan Original 90 Gr",
    "category": "Alimentación infantil",
    "url": "https://tienda.consum.es/es/p/pouch-yogisan-original/7396232",
    "price": 0.9,
    "reference_price": 10,
    "iva": 10,
    "reference_unit": "1 Kg",
    "date": "2023-01-17"
  },
  {
    "id": 29075,
    "name": "Gyoza Vegetal Fusion congelada ITSU",
    "description": "Gyoza Vegetal Fusion congelada 270 Gr",
    "category": "Asiático",
    "url": "https://tienda.consum.es/es/p/gyoza-vegetal-fusion-congelada/7397065",
    "price": 4.39,
    "reference_price": 16.26,
    "iva": 10,
    "reference_unit": "1 Kg",
    "date": "2023-01-17"
  },
  {
    "id": 29076,
    "name": "Tinte Cejas Castaño Claro SCHWARZKOPF",
    "description": "Tinte Cejas Castaño Claro 1 U",
    "category": "Raíces y cejas",
    "url": "https://tienda.consum.es/es/p/tinte-cejas-castano-claro/7397342",
    "price": 7.99,
    "reference_price": 7.99,
    "iva": 21,
    "reference_unit": "1 U",
    "date": "2023-01-17"
  },
  {
    "id": 29077,
    "name": "Tinte Cejas Castaño Oscuro SCHWARZKOPF",
    "description": "Tinte Cejas Castaño Oscuro 1 U",
    "category": "Raíces y cejas",
    "url": "https://tienda.consum.es/es/p/tinte-cejas-castano-oscuro/7397347",
    "price": 7.99,
    "reference_price": 7.99,
    "iva": 21,
    "reference_unit": "1 U",
    "date": "2023-01-17"
  },
  {
    "id": 29079,
    "name": "Vaso Chiquito 220 mL ",
    "description": "Vaso Chiquito 220 mL 10 U",
    "category": "Desechables",
    "url": "https://tienda.consum.es/es/p/vaso-chiquito-220-ml/7397826",
    "price": 1.85,
    "reference_price": 0.19,
    "iva": 21,
    "reference_unit": "1 U",
    "date": "2023-01-17"
  },
  {
    "id": 29080,
    "name": "Copa Chocolate Proteica EHRMANN",
    "description": "Copa Chocolate Proteica 200 Gr",
    "category": "Yogures especial salud",
    "url": "https://tienda.consum.es/es/p/copa-chocolate-proteica/7397891",
    "price": 1.89,
    "reference_price": 9.45,
    "iva": 10,
    "reference_unit": "1 Kg",
    "date": "2023-01-17"
  },
  {
    "id": 29083,
    "name": "Detergente Gel MICOLOR",
    "description": "Detergente Gel 28 Lv",
    "category": "A máquina líquido",
    "url": "https://tienda.consum.es/es/p/detergente-gel/7398139",
    "price": 6.89,
    "reference_price": 0.25,
    "iva": 21,
    "reference_unit": "1 Lv",
    "date": "2023-01-17"
  },
  {
    "id": 29085,
    "name": "Detergente Gel Azul WIPP",
    "description": "Detergente Gel Azul 37 Lv",
    "category": "A máquina líquido",
    "url": "https://tienda.consum.es/es/p/detergente-gel-azul/7398241",
    "price": 9.99,
    "reference_price": 0.27,
    "iva": 21,
    "reference_unit": "1 Lv",
    "date": "2023-01-17"
  },
  {
    "id": 29086,
    "name": "Detergente Gel Azul Plancha Fácil WIPP",
    "description": "Detergente Gel Azul Plancha Fácil 37 Lv",
    "category": "A máquina líquido",
    "url": "https://tienda.consum.es/es/p/detergente-gel-azul-plancha-facil/7398303",
    "price": 9.99,
    "reference_price": 0.27,
    "iva": 21,
    "reference_unit": "1 Lv",
    "date": "2023-01-17"
  },
  {
    "id": 29087,
    "name": "Cereales Krave Sabor Leche KELLOGG'S",
    "description": "Cereales Krave Sabor Leche 410 Gr",
    "category": "Cereales",
    "url": "https://tienda.consum.es/es/p/cereales-krave-sabor-leche/7398444",
    "price": 3.65,
    "reference_price": 8.9,
    "iva": 10,
    "reference_unit": "1 Kg",
    "date": "2023-01-17"
  },
  {
    "id": 29088,
    "name": "Cereales All-Bran Natural KELLOGG'S",
    "description": "Cereales All-Bran Natural 450 Gr",
    "category": "Cereales",
    "url": "https://tienda.consum.es/es/p/cereales-all-bran-natural/7398451",
    "price": 2.89,
    "reference_price": 6.42,
    "iva": 10,
    "reference_unit": "1 Kg",
    "date": "2023-01-17"
  },
  {
    "id": 29089,
    "name": "Crema Revitalift Filler Antiedad Día Fp50 L'OREAL",
    "description": "Crema Revitalift Filler Antiedad Día Fp50 50 ml",
    "category": "Hidratación",
    "url": "https://tienda.consum.es/es/p/crema-revitalift-filler-antiedad-dia-fp50/7398530",
    "price": 15.99,
    "reference_price": 31.98,
    "iva": 21,
    "reference_unit": "100 ml",
    "date": "2023-01-17"
  },
  {
    "id": 29091,
    "name": "Toallitas Desmaquillantes P.Sensible Biodegradab. VITESSE",
    "description": "Toallitas Desmaquillantes P.Sensible Biodegradab. 25 U",
    "category": "Limpieza y desmaquilladores",
    "url": "https://tienda.consum.es/es/p/toallitas-desmaquillantes-psensible-biodegradab/7398543",
    "price": 2.45,
    "reference_price": 0.1,
    "iva": 21,
    "reference_unit": "1 U",
    "date": "2023-01-17"
  },
  {
    "id": 29092,
    "name": "Palitos con Llavoretes ",
    "description": "Palitos con Llavoretes 70 Gr",
    "category": "Rosquilletas, picos y snacks",
    "url": "https://tienda.consum.es/es/p/palitos-con-llavoretes/7398683",
    "price": 1.15,
    "reference_price": 16.43,
    "iva": 10,
    "reference_unit": "1 Kg",
    "date": "2023-01-17"
  },
  {
    "id": 29096,
    "name": "Ensalada Completa Light CONSUM",
    "description": "Ensalada Completa Light 215 Gr",
    "category": "Ensaladas preparadas y guacamole",
    "url": "https://tienda.consum.es/es/p/ensalada-completa-light/7399111",
    "price": 2.59,
    "reference_price": 12.05,
    "iva": 10,
    "reference_unit": "1 Kg",
    "date": "2023-01-17"
  },
  {
    "id": 29120,
    "name": "La Vida Secreta de los Peter Wohllben EXITO",
    "description": "La Vida Secreta de los Peter Wohllben 1 U",
    "category": "Librería",
    "url": "https://tienda.consum.es/es/p/la-vida-secreta-de-los-peter-wohllben/7291958",
    "price": 12,
    "reference_price": 12,
    "iva": 4,
    "reference_unit": "1 U",
    "date": "2023-01-17"
  },
  {
    "id": 29122,
    "name": "500 Preguntas y Respuet Susaeta INFANTIL",
    "description": "500 Preguntas y Respuet Susaeta 1 U",
    "category": "Librería",
    "url": "https://tienda.consum.es/es/p/500-preguntas-y-respuet-susaeta/7321412",
    "price": 9.95,
    "reference_price": 9.95,
    "iva": 4,
    "reference_unit": "1 U",
    "date": "2023-01-17"
  },
  {
    "id": 29126,
    "name": "El Ayuno como Estilo de Vida SIRIO",
    "description": "El Ayuno como Estilo de Vida 1 U",
    "category": "Librería",
    "url": "https://tienda.consum.es/es/p/el-ayuno-como-estilo-de-vida/7375228",
    "price": 13.95,
    "reference_price": 13.95,
    "iva": 4,
    "reference_unit": "1 U",
    "date": "2023-01-17"
  },
  {
    "id": 29127,
    "name": "El Ratoncito Pérez SUSAETA",
    "description": "El Ratoncito Pérez 1 U",
    "category": "Librería",
    "url": "https://tienda.consum.es/es/p/el-ratoncito-perez/7375236",
    "price": 9.95,
    "reference_price": 9.95,
    "iva": 4,
    "reference_unit": "1 U",
    "date": "2023-01-17"
  },
  {
    "id": 29130,
    "name": "Itarte Family 1. ¡Todos Somos Héroes! DESTINO FINA",
    "description": "Itarte Family 1. ¡Todos Somos Héroes! 1 U",
    "category": "Librería",
    "url": "https://tienda.consum.es/es/p/itarte-family-1-todos-somos-heroes/7382208",
    "price": 16.95,
    "reference_price": 16.95,
    "iva": 4,
    "reference_unit": "1 U",
    "date": "2023-01-17"
  },
  {
    "id": 29131,
    "name": "Encuentra a tu Persona Vitamina ESPASA",
    "description": "Encuentra a tu Persona Vitamina 1 U",
    "category": "Librería",
    "url": "https://tienda.consum.es/es/p/encuentra-a-tu-persona-vitamina/7386308",
    "price": 19.9,
    "reference_price": 19.9,
    "iva": 4,
    "reference_unit": "1 U",
    "date": "2023-01-17"
  },
  {
    "id": 29138,
    "name": "Las Jirafas No Pueden Bailar BRUÑO",
    "description": "Las Jirafas No Pueden Bailar 1 U",
    "category": "Librería",
    "url": "https://tienda.consum.es/es/p/las-jirafas-no-pueden-bailar/7388747",
    "price": 19.95,
    "reference_price": 19.95,
    "iva": 4,
    "reference_unit": "1 U",
    "date": "2023-01-17"
  },
  {
    "id": 29144,
    "name": "Los Compas y la Entidad. Exe MR",
    "description": "Los Compas y la Entidad. Exe 1 U",
    "category": "Librería",
    "url": "https://tienda.consum.es/es/p/los-compas-y-la-entidad-exe/7390649",
    "price": 19.9,
    "reference_price": 19.9,
    "iva": 4,
    "reference_unit": "1 U",
    "date": "2023-01-17"
  },
  {
    "id": 29151,
    "name": "El Libro Negro de las Horas PLANETA",
    "description": "El Libro Negro de las Horas 1 U",
    "category": "Librería",
    "url": "https://tienda.consum.es/es/p/el-libro-negro-de-las-horas/7394617",
    "price": 20.9,
    "reference_price": 20.9,
    "iva": 4,
    "reference_unit": "1 U",
    "date": "2023-01-17"
  },
  {
    "id": 29152,
    "name": "Labial Volumen Mate Nº188 L'OREAL",
    "description": "Labial Volumen Mate Nº188 1 U",
    "category": "Labiales",
    "url": "https://tienda.consum.es/es/p/labial-volumen-mate-n188/7396393",
    "price": 9.99,
    "reference_price": 9.99,
    "iva": 21,
    "reference_unit": "1 U",
    "date": "2023-01-17"
  },
  {
    "id": 29153,
    "name": "Labial Volumen Mate Nº24 L'OREAL",
    "description": "Labial Volumen Mate Nº24 1 U",
    "category": "Labiales",
    "url": "https://tienda.consum.es/es/p/labial-volumen-mate-n24/7396398",
    "price": 9.99,
    "reference_price": 9.99,
    "iva": 21,
    "reference_unit": "1 U",
    "date": "2023-01-17"
  },
  {
    "id": 29154,
    "name": "Labial Volumen Mate Nº346 L'OREAL",
    "description": "Labial Volumen Mate Nº346 1 U",
    "category": "Labiales",
    "url": "https://tienda.consum.es/es/p/labial-volumen-mate-n346/7396401",
    "price": 9.99,
    "reference_price": 9.99,
    "iva": 21,
    "reference_unit": "1 U",
    "date": "2023-01-17"
  },
  {
    "id": 29155,
    "name": "Labial Volumen Mate Nº482 L'OREAL",
    "description": "Labial Volumen Mate Nº482 1 U",
    "category": "Labiales",
    "url": "https://tienda.consum.es/es/p/labial-volumen-mate-n482/7396406",
    "price": 9.99,
    "reference_price": 9.99,
    "iva": 21,
    "reference_unit": "1 U",
    "date": "2023-01-17"
  },
  {
    "id": 29156,
    "name": "Labial Volumen Mate Nº640 L'OREAL",
    "description": "Labial Volumen Mate Nº640 1 U",
    "category": "Labiales",
    "url": "https://tienda.consum.es/es/p/labial-volumen-mate-n640/7396414",
    "price": 9.99,
    "reference_price": 9.99,
    "iva": 21,
    "reference_unit": "1 U",
    "date": "2023-01-17"
  },
  {
    "id": 29159,
    "name": "La Pandilla de los 11 Rocio Bonilla ALGAR",
    "description": "La Pandilla de los 11 Rocio Bonilla 1 U",
    "category": "Librería",
    "url": "https://tienda.consum.es/es/p/la-pandilla-de-los-11-rocio-bonilla/7396880",
    "price": 16.95,
    "reference_price": 16.95,
    "iva": 4,
    "reference_unit": "1 U",
    "date": "2023-01-17"
  },
  {
    "id": 29167,
    "name": "Las Avent.Dani y Evan 5 El Tesoro el T-Rex DESTINO",
    "description": "Las Avent.Dani y Evan 5 El Tesoro el T-Rex 1 U",
    "category": "Librería",
    "url": "https://tienda.consum.es/es/p/las-aventdani-y-evan-5-el-tesoro-el-t-rex/7397003",
    "price": 12.95,
    "reference_price": 12.95,
    "iva": 4,
    "reference_unit": "1 U",
    "date": "2023-01-17"
  },
  {
    "id": 29171,
    "name": "Itarte VLogs Family 2 Itarte DESTINO",
    "description": "Itarte VLogs Family 2 Itarte 1 U",
    "category": "Librería",
    "url": "https://tienda.consum.es/es/p/itarte-vlogs-family-2-itarte/7397029",
    "price": 16.95,
    "reference_price": 16.95,
    "iva": 4,
    "reference_unit": "1 U",
    "date": "2023-01-17"
  },
  {
    "id": 29173,
    "name": "Sardinillas en Aceite de Oliva Virgen extra ALBO",
    "description": "Sardinillas en Aceite de Oliva Virgen extra 82 Gr",
    "category": "Sardinas",
    "url": "https://tienda.consum.es/es/p/sardinillas-en-aceite-de-oliva-virgen-extra/7397206",
    "price": 2.25,
    "reference_price": 27.44,
    "iva": 10,
    "reference_unit": "1 Kg",
    "date": "2023-01-17"
  },
  {
    "id": 29174,
    "name": "Patatas Onduladas Salsa Barbacoa Bolsa MATUTANO",
    "description": "Patatas Onduladas Salsa Barbacoa Bolsa 130 Gr",
    "category": "Patatas fritas",
    "url": "https://tienda.consum.es/es/p/patatas-onduladas-salsa-barbacoa-bolsa/7397362",
    "price": 1.95,
    "reference_price": 15,
    "iva": 10,
    "reference_unit": "1 Kg",
    "date": "2023-01-17"
  },
  {
    "id": 29175,
    "name": "Carrillera de Cerdo al Oporto FOODVAC",
    "description": "Carrillera de Cerdo al Oporto 220 Gr",
    "category": "De carne o pescado",
    "url": "https://tienda.consum.es/es/p/carrillera-de-cerdo-al-oporto/7397818",
    "price": 5.39,
    "reference_price": 24.5,
    "iva": 10,
    "reference_unit": "1 Kg",
    "date": "2023-01-17"
  },
  {
    "id": 29177,
    "name": "Atún con Fritada de Verduras PESASUR",
    "description": "Atún con Fritada de Verduras 200 Gr",
    "category": "Otras conservas pescado",
    "url": "https://tienda.consum.es/es/p/atun-con-fritada-de-verduras/7398639",
    "price": 3.99,
    "reference_price": 19.95,
    "iva": 10,
    "reference_unit": "1 Kg",
    "date": "2023-01-17"
  },
  {
    "id": 29178,
    "name": "Atún Encebollado PESASUR",
    "description": "Atún Encebollado 200 Gr",
    "category": "Otras conservas pescado",
    "url": "https://tienda.consum.es/es/p/atun-encebollado/7398642",
    "price": 3.99,
    "reference_price": 19.95,
    "iva": 10,
    "reference_unit": "1 Kg",
    "date": "2023-01-17"
  },
  {
    "id": 29179,
    "name": "Aceituna Natural Frasco CORBI",
    "description": "Aceituna Natural Frasco 400 Gr",
    "category": "Aceitunas con hueso",
    "url": "https://tienda.consum.es/es/p/aceituna-natural-frasco/7398675",
    "price": 2.95,
    "reference_price": 7.38,
    "iva": 10,
    "reference_unit": "1 Kg",
    "date": "2023-01-17"
  },
  {
    "id": 29180,
    "name": "Aceitunas Sin Hueso Aliñadas CORBI",
    "description": "Aceitunas Sin Hueso Aliñadas 325 Gr",
    "category": "Aceitunas sin hueso",
    "url": "https://tienda.consum.es/es/p/aceitunas-sin-hueso-alinadas/7398688",
    "price": 3.29,
    "reference_price": 10.12,
    "iva": 10,
    "reference_unit": "1 Kg",
    "date": "2023-01-17"
  },
  {
    "id": 29181,
    "name": "Aceitunas Chupadedos Frasco CORBI",
    "description": "Aceitunas Chupadedos Frasco 400 Gr",
    "category": "Aceitunas con hueso",
    "url": "https://tienda.consum.es/es/p/aceitunas-chupadedos-frasco/7398696",
    "price": 1.99,
    "reference_price": 4.98,
    "iva": 10,
    "reference_unit": "1 Kg",
    "date": "2023-01-17"
  },
  {
    "id": 29182,
    "name": "Aceituna Con Hueso Mojo Picón CORBI",
    "description": "Aceituna Con Hueso Mojo Picón 400 Gr",
    "category": "Aceitunas con hueso",
    "url": "https://tienda.consum.es/es/p/aceituna-con-hueso-mojo-picon/7398704",
    "price": 2.95,
    "reference_price": 7.38,
    "iva": 10,
    "reference_unit": "1 Kg",
    "date": "2023-01-17"
  },
  {
    "id": 29183,
    "name": "Aceituna de Sosa Frasco CORBI",
    "description": "Aceituna de Sosa Frasco 400 Gr",
    "category": "Aceitunas con hueso",
    "url": "https://tienda.consum.es/es/p/aceituna-de-sosa-frasco/7398709",
    "price": 2.95,
    "reference_price": 7.38,
    "iva": 10,
    "reference_unit": "1 Kg",
    "date": "2023-01-17"
  },
  {
    "id": 29184,
    "name": "Cóctel Mediterráneo Frasco CORBI",
    "description": "Cóctel Mediterráneo Frasco 400 Gr",
    "category": "Banderillas y cocktails",
    "url": "https://tienda.consum.es/es/p/coctel-mediterraneo-frasco/7398712",
    "price": 2.95,
    "reference_price": 7.38,
    "iva": 10,
    "reference_unit": "1 Kg",
    "date": "2023-01-17"
  },
  {
    "id": 29185,
    "name": "Natuchips Tomate Queso y Orégano SNATT'S",
    "description": "Natuchips Tomate Queso y Orégano 85 Gr",
    "category": "Snacks y otros aperitivos",
    "url": "https://tienda.consum.es/es/p/natuchips-tomate-queso-y-oregano/7398720",
    "price": 1.75,
    "reference_price": 20.59,
    "iva": 10,
    "reference_unit": "1 Kg",
    "date": "2023-01-17"
  },
  {
    "id": 29187,
    "name": "Platos de Fiesta 23 cm Cookies GABBIANO",
    "description": "Platos de Fiesta 23 cm Cookies 8 U",
    "category": "Decoración y fiestas",
    "url": "https://tienda.consum.es/es/p/platos-de-fiesta-23-cm-cookies/7398774",
    "price": 1.99,
    "reference_price": 0.25,
    "iva": 21,
    "reference_unit": "1 U",
    "date": "2023-01-17"
  },
  {
    "id": 29188,
    "name": "Platos de Fiesta 23 cm Unicornio GABBIANO",
    "description": "Platos de Fiesta 23 cm Unicornio 8 U",
    "category": "Decoración y fiestas",
    "url": "https://tienda.consum.es/es/p/platos-de-fiesta-23-cm-unicornio/7398779",
    "price": 1.99,
    "reference_price": 0.25,
    "iva": 21,
    "reference_unit": "1 U",
    "date": "2023-01-17"
  },
  {
    "id": 29189,
    "name": "Vasos de Fiesta Unicornio GABBIANO",
    "description": "Vasos de Fiesta Unicornio 8 U",
    "category": "Decoración y fiestas",
    "url": "https://tienda.consum.es/es/p/vasos-de-fiesta-unicornio/7398782",
    "price": 1.99,
    "reference_price": 0.25,
    "iva": 21,
    "reference_unit": "1 U",
    "date": "2023-01-17"
  },
  {
    "id": 29190,
    "name": "Platos de Fiesta 23 cm Piratas GABBIANO",
    "description": "Platos de Fiesta 23 cm Piratas 8 U",
    "category": "Decoración y fiestas",
    "url": "https://tienda.consum.es/es/p/platos-de-fiesta-23-cm-piratas/7398790",
    "price": 1.99,
    "reference_price": 0.25,
    "iva": 21,
    "reference_unit": "1 U",
    "date": "2023-01-17"
  },
  {
    "id": 29191,
    "name": "Vasos de Fiesta Piratas GABBIANO",
    "description": "Vasos de Fiesta Piratas 8 U",
    "category": "Decoración y fiestas",
    "url": "https://tienda.consum.es/es/p/vasos-de-fiesta-piratas/7398795",
    "price": 1.99,
    "reference_price": 0.25,
    "iva": 21,
    "reference_unit": "1 U",
    "date": "2023-01-17"
  },
  {
    "id": 29195,
    "name": "Bicarbonato EL VESUBIO",
    "description": "Bicarbonato 300 ml",
    "category": "Bicarbonato",
    "url": "https://tienda.consum.es/es/p/bicarbonato/7399459",
    "price": 1.1,
    "reference_price": 0.37,
    "iva": 10,
    "reference_unit": "100 ml",
    "date": "2023-01-17"
  },
  {
    "id": 29200,
    "name": "Mega Pack Tampax Compak Pearl Super TAMPAX",
    "description": "Mega Pack Tampax Compak Pearl Super 36 U",
    "category": "Tampones",
    "url": "https://tienda.consum.es/es/p/mega-pack-tampax-compak-pearl-super/7351653",
    "price": 6.33,
    "reference_price": 0.18,
    "iva": 4,
    "reference_unit": "1 U",
    "date": "2023-01-17"
  },
  {
    "id": 29202,
    "name": "Fiambre de Sandwich Finas Lonchas CONSUM",
    "description": "Fiambre de Sandwich Finas Lonchas 250 Gr",
    "category": "Jamón cocido - york",
    "url": "https://tienda.consum.es/es/p/fiambre-de-sandwich-finas-lonchas/7377950",
    "price": 1.32,
    "reference_price": 5.28,
    "iva": 10,
    "reference_unit": "1 Kg",
    "date": "2023-01-17"
  },
  {
    "id": 29203,
    "name": "Extratierno de Magro Cerdo CONSUM",
    "description": "Extratierno de Magro Cerdo",
    "category": "Cerdo",
    "url": "https://tienda.consum.es/es/p/extratierno-de-magro-cerdo/7388531",
    "price": 2.95,
    "reference_price": 6.54,
    "iva": 10,
    "reference_unit": "1 Kg",
    "date": "2023-01-17"
  },
  {
    "id": 29204,
    "name": "Limpiador Multiusos Alcohol CONSUM",
    "description": "Limpiador Multiusos Alcohol 1 L",
    "category": "Limpieza hogar",
    "url": "https://tienda.consum.es/es/p/limpiador-multiusos-alcohol/7392681",
    "price": 1.25,
    "reference_price": 1.25,
    "iva": 21,
    "reference_unit": "1 L",
    "date": "2023-01-17"
  },
  {
    "id": 29205,
    "name": "Limpiacristales y Multiusos CONSUM",
    "description": "Limpiacristales y Multiusos 1 L",
    "category": "Limpieza hogar",
    "url": "https://tienda.consum.es/es/p/limpiacristales-y-multiusos/7392686",
    "price": 1.2,
    "reference_price": 1.2,
    "iva": 21,
    "reference_unit": "1 L",
    "date": "2023-01-17"
  },
  {
    "id": 29206,
    "name": "Quitagrasas CONSUM",
    "description": "Quitagrasas 0,75 L",
    "category": "Limpieza cocina",
    "url": "https://tienda.consum.es/es/p/quitagrasas/7393833",
    "price": 1.5,
    "reference_price": 2,
    "iva": 21,
    "reference_unit": "1 L",
    "date": "2023-01-17"
  },
  {
    "id": 5861,
    "name": "Cepillo Dental Infantil CONSUM KIDS",
    "description": "Cepillo Dental Infantil 1 U",
    "category": "Cepillos de dientes",
    "url": "https://tienda.consum.es/es/p/cepillo-dental-infantil/7071413",
    "price": 1.19,
    "reference_price": 1.19,
    "iva": 21,
    "reference_unit": "1 U",
    "date": "2023-01-17"
  },
  {
    "id": 5862,
    "name": "Cepillo Dental Viaje KYREY",
    "description": "Cepillo Dental Viaje 1 U",
    "category": "Cepillos de dientes",
    "url": "https://tienda.consum.es/es/p/cepillo-dental-viaje/7071418",
    "price": 1,
    "reference_price": 1,
    "iva": 21,
    "reference_unit": "1 U",
    "date": "2023-01-17"
  },
  {
    "id": 5863,
    "name": "Cepillo Dental Ortodoncia KYREY",
    "description": "Cepillo Dental Ortodoncia 1 U",
    "category": "Cepillos de dientes",
    "url": "https://tienda.consum.es/es/p/cepillo-dental-ortodoncia/7071421",
    "price": 1.8,
    "reference_price": 1.8,
    "iva": 21,
    "reference_unit": "1 U",
    "date": "2023-01-17"
  },
  {
    "id": 5864,
    "name": "Seda Dental Mentolada KYREY",
    "description": "Seda Dental Mentolada 1 U",
    "category": "Seda dental",
    "url": "https://tienda.consum.es/es/p/seda-dental-mentolada/7071434",
    "price": 0.99,
    "reference_price": 0.99,
    "iva": 21,
    "reference_unit": "1 U",
    "date": "2023-01-17"
  },
  {
    "id": 5865,
    "name": "Cepillo Interdental Extrafino KYREY",
    "description": "Cepillo Interdental Extrafino 6 U",
    "category": "Cepillos de dientes",
    "url": "https://tienda.consum.es/es/p/cepillo-interdental-extrafino/7071439",
    "price": 1.99,
    "reference_price": 0.33,
    "iva": 21,
    "reference_unit": "1 U",
    "date": "2023-01-17"
  },
  {
    "id": 5866,
    "name": "Queso Mezcla Semicurado Cuña CONSUM",
    "description": "Queso Mezcla Semicurado Cuña 325 Gr",
    "category": "Semicurados",
    "url": "https://tienda.consum.es/es/p/queso-mezcla-semicurado-cuna/7071587",
    "price": 2.75,
    "reference_price": 8.46,
    "iva": 0,
    "reference_unit": "1 Kg",
    "date": "2023-01-17"
  },
  {
    "id": 5867,
    "name": "Queso Mezcla Tierno Cuña CONSUM",
    "description": "Queso Mezcla Tierno Cuña 325 Gr",
    "category": "Tiernos y light",
    "url": "https://tienda.consum.es/es/p/queso-mezcla-tierno-cuna/7071590",
    "price": 2.52,
    "reference_price": 7.75,
    "iva": 0,
    "reference_unit": "1 Kg",
    "date": "2023-01-17"
  },
  {
    "id": 5868,
    "name": "Café Expresso Mezcla Molido CONSUM",
    "description": "Café Expresso Mezcla Molido 250 Gr",
    "category": "Café Molido mezcla",
    "url": "https://tienda.consum.es/es/p/cafe-expresso-mezcla-molido/7071629",
    "price": 1.95,
    "reference_price": 7.8,
    "iva": 10,
    "reference_unit": "1 Kg",
    "date": "2023-01-17"
  },
  {
    "id": 5869,
    "name": "Comida Húmeda Perros Buey e Hígado Tarrina PEDIGREE",
    "description": "Comida Húmeda Perros Buey e Hígado Tarrina 300 Gr",
    "category": "Húmedo",
    "url": "https://tienda.consum.es/es/p/comida-humeda-perros-buey-e-higado-tarrina/7071686",
    "price": 2.19,
    "reference_price": 7.3,
    "iva": 10,
    "reference_unit": "1 Kg",
    "date": "2023-01-17"
  },
  {
    "id": 5873,
    "name": "Crema de Verduras de la Huerta LIGERESA",
    "description": "Crema de Verduras de la Huerta 0,5 L",
    "category": "Cremas",
    "url": "https://tienda.consum.es/es/p/crema-de-verduras-de-la-huerta/7072721",
    "price": 2.29,
    "reference_price": 4.58,
    "iva": 10,
    "reference_unit": "1 L",
    "date": "2023-01-17"
  },
  {
    "id": 5874,
    "name": "Crema de Calabaza con un Toque de Nata KNORR",
    "description": "Crema de Calabaza con un Toque de Nata 0,5 L",
    "category": "Cremas",
    "url": "https://tienda.consum.es/es/p/crema-de-calabaza-con-un-toque-de-nata/7072734",
    "price": 2.29,
    "reference_price": 4.58,
    "iva": 10,
    "reference_unit": "1 L",
    "date": "2023-01-17"
  },
  {
    "id": 5875,
    "name": "Sazonador para Fajita OLD EL PASO",
    "description": "Sazonador para Fajita 30 Gr",
    "category": "Sazonadores",
    "url": "https://tienda.consum.es/es/p/sazonador-para-fajita/7072754",
    "price": 1.39,
    "reference_price": 4.63,
    "iva": 10,
    "reference_unit": "100 Gr",
    "date": "2023-01-17"
  },
  {
    "id": 5876,
    "name": "Compresas Incontinencia Maxi Discreet INDASEC",
    "description": "Compresas Incontinencia Maxi Discreet 15 U",
    "category": "Compresas y protegeslips",
    "url": "https://tienda.consum.es/es/p/compresas-incontinencia-maxi-discreet/7072903",
    "price": 5.99,
    "reference_price": 0.4,
    "iva": 10,
    "reference_unit": "1 U",
    "date": "2023-01-17"
  },
  {
    "id": 5877,
    "name": "Dentífrico Blanqueante SENSODYNE",
    "description": "Dentífrico Blanqueante 75 ml",
    "category": "Dentífricos",
    "url": "https://tienda.consum.es/es/p/dentifrico-blanqueante/7072999",
    "price": 3.7,
    "reference_price": 4.93,
    "iva": 21,
    "reference_unit": "100 ml",
    "date": "2023-01-17"
  },
  {
    "id": 5879,
    "name": "Espárragos Extra 6/9 Piezas Frasco CONSUM",
    "description": "Espárragos Extra 6/9 Piezas Frasco 325 Gr",
    "category": "Espárragos y palmitos",
    "url": "https://tienda.consum.es/es/p/esparragos-extra-6/9-piezas-frasco/7073489",
    "price": 2.99,
    "reference_price": 9.2,
    "iva": 10,
    "reference_unit": "1 Kg",
    "date": "2023-01-17"
  },
  {
    "id": 5880,
    "name": "Mantequilla en Porciones 12 Unidades ASTURIANA",
    "description": "Mantequilla en Porciones 12 Unidades 96 Gr",
    "category": "Mantequilla y margarina",
    "url": "https://tienda.consum.es/es/p/mantequilla-en-porciones-12-unidades/7073653",
    "price": 1.69,
    "reference_price": 17.6,
    "iva": 10,
    "reference_unit": "1 Kg",
    "date": "2023-01-17"
  },
  {
    "id": 5882,
    "name": "Crema Lata Azul Cara, Cuerpo y Manos NIVEA",
    "description": "Crema Lata Azul Cara, Cuerpo y Manos 250 ml",
    "category": "Body-lociones",
    "url": "https://tienda.consum.es/es/p/crema-lata-azul-cara-cuerpo-y-manos/7074185",
    "price": 3.75,
    "reference_price": 1.5,
    "iva": 21,
    "reference_unit": "100 ml",
    "date": "2023-01-17"
  },
  {
    "id": 5883,
    "name": "Cava Semi Carta Nevada D.O.Cava FREIXENET",
    "description": "Cava Semi Carta Nevada D.O.Cava 0,75 L",
    "category": "Cavas y sidras",
    "url": "https://tienda.consum.es/es/p/cava-semi-carta-nevada-docava/7074730",
    "price": 5.4,
    "reference_price": 7.2,
    "iva": 21,
    "reference_unit": "1 L",
    "date": "2023-01-17"
  },
  {
    "id": 5884,
    "name": "Cerveza Especial Botella. A.K.DAMM",
    "description": "Cerveza Especial Botella. 0,33 L",
    "category": "Cervezas",
    "url": "https://tienda.consum.es/es/p/cerveza-especial-botella/7074938",
    "price": 1.25,
    "reference_price": 3.79,
    "iva": 21,
    "reference_unit": "1 L",
    "date": "2023-01-17"
  },
  {
    "id": 5885,
    "name": "Agua Mineral Natural. Botella CONSUM",
    "description": "Agua Mineral Natural. Botella 1,5 L",
    "category": "Agua sin gas : botella",
    "url": "https://tienda.consum.es/es/p/agua-mineral-natural-botella/7075299",
    "price": 0.24,
    "reference_price": 0.16,
    "iva": 10,
    "reference_unit": "1 L",
    "date": "2023-01-17"
  },
  {
    "id": 5886,
    "name": "Croissants Bolsa CONSUM",
    "description": "Croissants Bolsa 350 Gr",
    "category": "Bollería industrial",
    "url": "https://tienda.consum.es/es/p/croissants-bolsa/7075385",
    "price": 1.49,
    "reference_price": 4.26,
    "iva": 10,
    "reference_unit": "1 Kg",
    "date": "2023-01-17"
  },
  {
    "id": 5887,
    "name": "Ensaimadas 6 Unidades CONSUM",
    "description": "Ensaimadas 6 Unidades 220 Gr",
    "category": "Bollería industrial",
    "url": "https://tienda.consum.es/es/p/ensaimadas-6-unidades/7075393",
    "price": 1.05,
    "reference_price": 4.77,
    "iva": 10,
    "reference_unit": "1 Kg",
    "date": "2023-01-17"
  },
  {
    "id": 5888,
    "name": "Pan de Leche 8 Unidades CONSUM",
    "description": "Pan de Leche 8 Unidades 320 Gr",
    "category": "Bollería industrial",
    "url": "https://tienda.consum.es/es/p/pan-de-leche-8-unidades/7075401",
    "price": 1.39,
    "reference_price": 4.34,
    "iva": 10,
    "reference_unit": "1 Kg",
    "date": "2023-01-17"
  },
  {
    "id": 5889,
    "name": "Croissants Rellenos de Chocolate CONSUM",
    "description": "Croissants Rellenos de Chocolate 360 Gr",
    "category": "Bollería industrial",
    "url": "https://tienda.consum.es/es/p/croissants-rellenos-de-chocolate/7075414",
    "price": 1.85,
    "reference_price": 5.14,
    "iva": 10,
    "reference_unit": "1 Kg",
    "date": "2023-01-17"
  },
  {
    "id": 5890,
    "name": "Palmeritas Hojaldre 16 Unidades CONSUM",
    "description": "Palmeritas Hojaldre 16 Unidades 180 Gr",
    "category": "Bollería industrial",
    "url": "https://tienda.consum.es/es/p/palmeritas-hojaldre-16-unidades/7075419",
    "price": 1.09,
    "reference_price": 6.06,
    "iva": 10,
    "reference_unit": "1 Kg",
    "date": "2023-01-17"
  },
  {
    "id": 5892,
    "name": "Desodorante Spray Extra Control microtalco SANEX",
    "description": "Desodorante Spray Extra Control microtalco 200 ml",
    "category": "Spray",
    "url": "https://tienda.consum.es/es/p/desodorante-spray-extra-control-microtalco/7075653",
    "price": 2.55,
    "reference_price": 1.28,
    "iva": 21,
    "reference_unit": "100 ml",
    "date": "2023-01-17"
  },
  {
    "id": 5893,
    "name": "Desodorante Spray Dermo Invisible SANEX",
    "description": "Desodorante Spray Dermo Invisible 200 ml",
    "category": "Spray",
    "url": "https://tienda.consum.es/es/p/desodorante-spray-dermo-invisible/7075658",
    "price": 3.39,
    "reference_price": 1.7,
    "iva": 21,
    "reference_unit": "100 ml",
    "date": "2023-01-17"
  },
  {
    "id": 5894,
    "name": "Ajoaceite Artesano CAMPILLO",
    "description": "Ajoaceite Artesano 115 Gr",
    "category": "Salsas refrigeradas",
    "url": "https://tienda.consum.es/es/p/ajoaceite-artesano/7075984",
    "price": 1.89,
    "reference_price": 16.43,
    "iva": 10,
    "reference_unit": "1 Kg",
    "date": "2023-01-17"
  },
  {
    "id": 5896,
    "name": "Salchichón Extra Lonchas 4x60 CONSUM",
    "description": "Salchichón Extra Lonchas 4x60 (240gr)",
    "category": "Salchichón y salami",
    "url": "https://tienda.consum.es/es/p/salchichon-extra-lonchas-4x60/7076107",
    "price": 1.65,
    "reference_price": 6.88,
    "iva": 10,
    "reference_unit": "1 Kg",
    "date": "2023-01-17"
  },
  {
    "id": 5897,
    "name": "Chorizo Extra Lonchas 4x60 CONSUM",
    "description": "Chorizo Extra Lonchas 4x60 (240gr)",
    "category": "Chorizo",
    "url": "https://tienda.consum.es/es/p/chorizo-extra-lonchas-4x60/7076110",
    "price": 1.7,
    "reference_price": 7.08,
    "iva": 10,
    "reference_unit": "1 Kg",
    "date": "2023-01-17"
  },
  {
    "id": 5898,
    "name": "Chorizo Pamplona Lonchas 4x60 CONSUM",
    "description": "Chorizo Pamplona Lonchas 4x60 (240gr)",
    "category": "Chorizo",
    "url": "https://tienda.consum.es/es/p/chorizo-pamplona-lonchas-4x60/7076123",
    "price": 1.8,
    "reference_price": 7.5,
    "iva": 10,
    "reference_unit": "1 Kg",
    "date": "2023-01-17"
  },
  {
    "id": 5899,
    "name": "Cerveza Singular Lata ALHAMBRA",
    "description": "Cerveza Singular Lata 0,33 L",
    "category": "Nacional lata",
    "url": "https://tienda.consum.es/es/p/cerveza-singular-lata/7076214",
    "price": 0.82,
    "reference_price": 2.48,
    "iva": 21,
    "reference_unit": "1 L",
    "date": "2023-01-17"
  },
  {
    "id": 5900,
    "name": "Melocotón en Almíbar Lata CONSUM",
    "description": "Melocotón en Almíbar Lata 480 Gr",
    "category": "Frutas en almíbar y en su jugo",
    "url": "https://tienda.consum.es/es/p/melocoton-en-almibar-lata/7076250",
    "price": 1.9,
    "reference_price": 3.96,
    "iva": 10,
    "reference_unit": "1 Kg",
    "date": "2023-01-17"
  },
  {
    "id": 5901,
    "name": "Melocotón en Almíbar Lata CONSUM",
    "description": "Melocotón en Almíbar Lata 240 Gr",
    "category": "Frutas en almíbar y en su jugo",
    "url": "https://tienda.consum.es/es/p/melocoton-en-almibar-lata/7076255",
    "price": 1.25,
    "reference_price": 5.21,
    "iva": 10,
    "reference_unit": "1 Kg",
    "date": "2023-01-17"
  },
  {
    "id": 5902,
    "name": "Activia 00% Melocotón Bífidus Desnatado P-4 DANONE",
    "description": "Activia 00% Melocotón Bífidus Desnatado P-4 4 x 120 Gr",
    "category": "Bífidus",
    "url": "https://tienda.consum.es/es/p/activia-00-melocoton-bifidus-desnatado-p-4/7076271",
    "price": 2.89,
    "reference_price": 6.02,
    "iva": 10,
    "reference_unit": "1 Kg",
    "date": "2023-01-17"
  },
  {
    "id": 5903,
    "name": "Actimel Líquido Natural Azucarado Pack 12 Ud. DANONE",
    "description": "Actimel Líquido Natural Azucarado Pack 12 Ud. 12 x 100 Gr",
    "category": "L-casei",
    "url": "https://tienda.consum.es/es/p/actimel-liquido-natural-azucarado-pack-12-ud/7076276",
    "price": 5.99,
    "reference_price": 4.99,
    "iva": 10,
    "reference_unit": "1 Kg",
    "date": "2023-01-17"
  },
  {
    "id": 5904,
    "name": "Actimel Actikids Sabor Fresa Pack 12 ud. DANONE",
    "description": "Actimel Actikids Sabor Fresa Pack 12 ud. 12 x 100 Gr",
    "category": "L-casei",
    "url": "https://tienda.consum.es/es/p/actimel-actikids-sabor-fresa-pack-12-ud/7076284",
    "price": 5.99,
    "reference_price": 4.99,
    "iva": 10,
    "reference_unit": "1 Kg",
    "date": "2023-01-17"
  },
  {
    "id": 5906,
    "name": "Leche Crecimiento Nativa 3 Cereales NESTLE",
    "description": "Leche Crecimiento Nativa 3 Cereales 1 L",
    "category": "Leche crecimiento infantil",
    "url": "https://tienda.consum.es/es/p/leche-crecimiento-nativa-3-cereales/7076420",
    "price": 1.75,
    "reference_price": 1.75,
    "iva": 10,
    "reference_unit": "1 L",
    "date": "2023-01-17"
  },
  {
    "id": 5908,
    "name": "Cappuccino Cápsulas 8+8 Unidades DOLCE GUSTO",
    "description": "Cappuccino Cápsulas 8+8 Unidades 8 Do",
    "category": "Café en cápsulas",
    "url": "https://tienda.consum.es/es/p/cappuccino-capsulas-88-unidades/7077246",
    "price": 4.89,
    "reference_price": 0.61,
    "iva": 10,
    "reference_unit": "1 Do",
    "date": "2023-01-17"
  },
  {
    "id": 5910,
    "name": "Café Expresso Cápsulas DOLCE GUSTO",
    "description": "Café Expresso Cápsulas 16 U",
    "category": "Café en cápsulas",
    "url": "https://tienda.consum.es/es/p/cafe-expresso-capsulas/7077287",
    "price": 4.89,
    "reference_price": 0.31,
    "iva": 10,
    "reference_unit": "1 U",
    "date": "2023-01-17"
  },
  {
    "id": 5912,
    "name": "Cepillo Dental Interdental 2 X 1 BINACA",
    "description": "Cepillo Dental Interdental 2 X 1 2 U",
    "category": "Cepillos de dientes",
    "url": "https://tienda.consum.es/es/p/cepillo-dental-interdental-2-x-1/7077931",
    "price": 2.85,
    "reference_price": 1.43,
    "iva": 21,
    "reference_unit": "1 U",
    "date": "2023-01-17"
  },
  {
    "id": 5913,
    "name": "Zumo Piña,Uva, Manzana Concentrado Pack de 6 CONSUM",
    "description": "Zumo Piña,Uva, Manzana Concentrado Pack de 6 6 x 200 ml",
    "category": "Zumos y néctares no refrigerados",
    "url": "https://tienda.consum.es/es/p/zumo-pinauva-manzana-concentrado-pack-de-6/7078285",
    "price": 1.4,
    "reference_price": 1.17,
    "iva": 10,
    "reference_unit": "1 L",
    "date": "2023-01-17"
  },
  {
    "id": 5914,
    "name": "Zumo Melocotón,Uva y Manzana Pack de 6 CONSUM",
    "description": "Zumo Melocotón,Uva y Manzana Pack de 6 6 x 200 ml",
    "category": "Zumos y néctares no refrigerados",
    "url": "https://tienda.consum.es/es/p/zumo-melocotonuva-y-manzana-pack-de-6/7078520",
    "price": 1.6,
    "reference_price": 1.33,
    "iva": 10,
    "reference_unit": "1 L",
    "date": "2023-01-17"
  },
  {
    "id": 5915,
    "name": "Tortas de Anís CONSUM",
    "description": "Tortas de Anís 400 Gr",
    "category": "Bollería industrial",
    "url": "https://tienda.consum.es/es/p/tortas-de-anis/7078553",
    "price": 1.99,
    "reference_price": 4.98,
    "iva": 10,
    "reference_unit": "1 Kg",
    "date": "2023-01-17"
  },
  {
    "id": 5916,
    "name": "Cacao Soluble CONSUM",
    "description": "Cacao Soluble 500 Gr",
    "category": "Cacao soluble",
    "url": "https://tienda.consum.es/es/p/cacao-soluble/7078587",
    "price": 2.5,
    "reference_price": 5,
    "iva": 10,
    "reference_unit": "1 Kg",
    "date": "2023-01-17"
  },
  {
    "id": 5917,
    "name": "Cacao Soluble CONSUM",
    "description": "Cacao Soluble 900 Gr",
    "category": "Cacao soluble",
    "url": "https://tienda.consum.es/es/p/cacao-soluble/7078590",
    "price": 3.18,
    "reference_price": 3.53,
    "iva": 10,
    "reference_unit": "1 Kg",
    "date": "2023-01-17"
  },
  {
    "id": 5919,
    "name": "Perejil Bolsa ",
    "description": "Perejil Bolsa 150 Gr",
    "category": "Aromáticos",
    "url": "https://tienda.consum.es/es/p/perejil-bolsa/7078707",
    "price": 0.99,
    "reference_price": 6.6,
    "iva": 10,
    "reference_unit": "1 Kg",
    "date": "2023-01-17"
  },
  {
    "id": 5920,
    "name": "Paninis congelados Barbacoa DR.OETKER",
    "description": "Paninis congelados Barbacoa 250 Gr",
    "category": "Pizza congelada",
    "url": "https://tienda.consum.es/es/p/paninis-congelados-barbacoa/7079742",
    "price": 3.45,
    "reference_price": 13.8,
    "iva": 10,
    "reference_unit": "1 Kg",
    "date": "2023-01-17"
  },
  {
    "id": 5921,
    "name": "Levadura Fresca Pack de 2 Unidades LEVANOVA",
    "description": "Levadura Fresca Pack de 2 Unidades 2 x 25 Gr",
    "category": "Harinas y levaduras",
    "url": "https://tienda.consum.es/es/p/levadura-fresca-pack-de-2-unidades/7080419",
    "price": 0.5,
    "reference_price": 10,
    "iva": 10,
    "reference_unit": "1 Kg",
    "date": "2023-01-17"
  },
  {
    "id": 5922,
    "name": "Apósitos Clásicos 4 Tamaños KYREY PHARMA",
    "description": "Apósitos Clásicos 4 Tamaños 20 U",
    "category": "Bandas protectoras adhesivas",
    "url": "https://tienda.consum.es/es/p/apositos-clasicos-4-tamanos/7080492",
    "price": 0.99,
    "reference_price": 0.05,
    "iva": 10,
    "reference_unit": "1 U",
    "date": "2023-01-17"
  },
  {
    "id": 5923,
    "name": "Apósitos Transparentes Tamaño Medios KYREY PHARMA",
    "description": "Apósitos Transparentes Tamaño Medios 20 U",
    "category": "Bandas protectoras adhesivas",
    "url": "https://tienda.consum.es/es/p/apositos-transparentes-tamano-medios/7080497",
    "price": 0.95,
    "reference_price": 0.05,
    "iva": 10,
    "reference_unit": "1 U",
    "date": "2023-01-17"
  },
  {
    "id": 5924,
    "name": "Apósitos Clásicos Tamaño Medios KYREY PHARMA",
    "description": "Apósitos Clásicos Tamaño Medios 20 U",
    "category": "Bandas protectoras adhesivas",
    "url": "https://tienda.consum.es/es/p/apositos-clasicos-tamano-medios/7080500",
    "price": 1.25,
    "reference_price": 0.06,
    "iva": 10,
    "reference_unit": "1 U",
    "date": "2023-01-17"
  },
  {
    "id": 5925,
    "name": "Apósitos Antiampollas Antirozaduras Invisibles KYREY PHARMA",
    "description": "Apósitos Antiampollas Antirozaduras Invisibles 5 U",
    "category": "Bandas protectoras adhesivas",
    "url": "https://tienda.consum.es/es/p/apositos-antiampollas-antirozaduras-invisibles/7080513",
    "price": 2.99,
    "reference_price": 0.6,
    "iva": 10,
    "reference_unit": "1 U",
    "date": "2023-01-17"
  },
  {
    "id": 5926,
    "name": "Esparadrapo Algodón Color Piel 5m x 2,5cm KYREY PHARMA",
    "description": "Esparadrapo Algodón Color Piel 5m x 2,5cm 1 U",
    "category": "Esparadrapo",
    "url": "https://tienda.consum.es/es/p/esparadrapo-algodon-color-piel-5m-x-25cm/7080526",
    "price": 1.3,
    "reference_price": 1.3,
    "iva": 10,
    "reference_unit": "1 U",
    "date": "2023-01-17"
  },
  {
    "id": 5927,
    "name": "Esparadrapo Blanco Tejido sin tejer 5mx2,5cm KYREY PHARMA",
    "description": "Esparadrapo Blanco Tejido sin tejer 5mx2,5cm 1 U",
    "category": "Esparadrapo",
    "url": "https://tienda.consum.es/es/p/esparadrapo-blanco-tejido-sin-tejer-5mx25cm/7080534",
    "price": 1.2,
    "reference_price": 1.2,
    "iva": 10,
    "reference_unit": "1 U",
    "date": "2023-01-17"
  },
  {
    "id": 5928,
    "name": "Compresa Gasa Estéril 30x30 Centímetros CONSUM",
    "description": "Compresa Gasa Estéril 30x30 Centímetros 10 U",
    "category": "Vendas gasas esterilizadas",
    "url": "https://tienda.consum.es/es/p/compresa-gasa-esteril-30x30-centimetros/7080542",
    "price": 1.1,
    "reference_price": 0.11,
    "iva": 10,
    "reference_unit": "1 U",
    "date": "2023-01-17"
  },
  {
    "id": 5929,
    "name": "Tapones Antirruido de Espuma Suaves KYREY PHARMA",
    "description": "Tapones Antirruido de Espuma Suaves 4 U",
    "category": "Otros",
    "url": "https://tienda.consum.es/es/p/tapones-antirruido-de-espuma-suaves/7080562",
    "price": 1.99,
    "reference_price": 0.5,
    "iva": 21,
    "reference_unit": "1 U",
    "date": "2023-01-17"
  },
  {
    "id": 5930,
    "name": "Navajas al Natural Lata CONSUM",
    "description": "Navajas al Natural Lata 60 Gr",
    "category": "Almejas, berberechos y navajas",
    "url": "https://tienda.consum.es/es/p/navajas-al-natural-lata/7080588",
    "price": 2.99,
    "reference_price": 49.83,
    "iva": 10,
    "reference_unit": "1 Kg",
    "date": "2023-01-17"
  },
  {
    "id": 5931,
    "name": "Leche Entera. Brik CONSUM",
    "description": "Leche Entera. Brik 1 L",
    "category": "Entera",
    "url": "https://tienda.consum.es/es/p/leche-entera-brik/7080596",
    "price": 0.91,
    "reference_price": 0.91,
    "iva": 0,
    "reference_unit": "1 L",
    "date": "2023-01-17"
  },
  {
    "id": 5932,
    "name": "Leche Semidesnatada. Brik CONSUM",
    "description": "Leche Semidesnatada. Brik 1 L",
    "category": "Semidesnatada",
    "url": "https://tienda.consum.es/es/p/leche-semidesnatada-brik/7080604",
    "price": 0.9,
    "reference_price": 0.9,
    "iva": 0,
    "reference_unit": "1 L",
    "date": "2023-01-17"
  },
  {
    "id": 5933,
    "name": "Leche Desnatada. Brik CONSUM",
    "description": "Leche Desnatada. Brik 1 L",
    "category": "Desnatada",
    "url": "https://tienda.consum.es/es/p/leche-desnatada-brik/7080612",
    "price": 0.89,
    "reference_price": 0.89,
    "iva": 0,
    "reference_unit": "1 L",
    "date": "2023-01-17"
  },
  {
    "id": 5934,
    "name": "Preparado Lácteo Omega 3 CONSUM",
    "description": "Preparado Lácteo Omega 3 1 L",
    "category": "Preparados lácteos",
    "url": "https://tienda.consum.es/es/p/preparado-lacteo-omega-3/7080620",
    "price": 1.1,
    "reference_price": 1.1,
    "iva": 10,
    "reference_unit": "1 L",
    "date": "2023-01-17"
  },
  {
    "id": 5935,
    "name": "Pollo Asado al VacÍo NOEL",
    "description": "Pollo Asado al VacÍo 1 U",
    "category": "De carne o pescado",
    "url": "https://tienda.consum.es/es/p/pollo-asado-al-vacio/7080674",
    "price": 5.8,
    "reference_price": 5.8,
    "iva": 10,
    "reference_unit": "1 U",
    "date": "2023-01-17"
  },
  {
    "id": 5936,
    "name": "Sal Yodada Bolsa CONSUM",
    "description": "Sal Yodada Bolsa 1 Kg",
    "category": "Sal y especias",
    "url": "https://tienda.consum.es/es/p/sal-yodada-bolsa/7080740",
    "price": 0.29,
    "reference_price": 0.29,
    "iva": 10,
    "reference_unit": "1 Kg",
    "date": "2023-01-17"
  },
  {
    "id": 5937,
    "name": "Sal Fina Bolsa CONSUM",
    "description": "Sal Fina Bolsa 1 Kg",
    "category": "Sal y especias",
    "url": "https://tienda.consum.es/es/p/sal-fina-bolsa/7080745",
    "price": 0.3,
    "reference_price": 0.3,
    "iva": 10,
    "reference_unit": "1 Kg",
    "date": "2023-01-17"
  },
  {
    "id": 5938,
    "name": "Sal Gruesa Bolsa CONSUM",
    "description": "Sal Gruesa Bolsa 1 Kg",
    "category": "Sal y especias",
    "url": "https://tienda.consum.es/es/p/sal-gruesa-bolsa/7080757",
    "price": 0.29,
    "reference_price": 0.29,
    "iva": 10,
    "reference_unit": "1 Kg",
    "date": "2023-01-17"
  },
  {
    "id": 5939,
    "name": "Sal para Horneados Bolsa CONSUM",
    "description": "Sal para Horneados Bolsa 2 Kg",
    "category": "Sal y especias",
    "url": "https://tienda.consum.es/es/p/sal-para-horneados-bolsa/7080765",
    "price": 0.79,
    "reference_price": 0.4,
    "iva": 10,
    "reference_unit": "1 Kg",
    "date": "2023-01-17"
  },
  {
    "id": 5942,
    "name": "Cono Vainilla Chocolate Pack de 6 Unidades CONSUM",
    "description": "Cono Vainilla Chocolate Pack de 6 Unidades 6 x 71 Gr",
    "category": "Conos",
    "url": "https://tienda.consum.es/es/p/cono-vainilla-chocolate-pack-de-6-unidades/7081151",
    "price": 1.89,
    "reference_price": 4.44,
    "iva": 10,
    "reference_unit": "1 Kg",
    "date": "2023-01-17"
  },
  {
    "id": 5946,
    "name": "Galletas Digestive CONSUM",
    "description": "Galletas Digestive 800 Gr",
    "category": "Galletas saludables",
    "url": "https://tienda.consum.es/es/p/galletas-digestive/7081854",
    "price": 1.65,
    "reference_price": 2.06,
    "iva": 10,
    "reference_unit": "1 Kg",
    "date": "2023-01-17"
  },
  {
    "id": 5950,
    "name": "Sofrito de Tomate Cebolla Frasco G.BLANCA",
    "description": "Sofrito de Tomate Cebolla Frasco 350 Gr",
    "category": "Tomate",
    "url": "https://tienda.consum.es/es/p/sofrito-de-tomate-cebolla-frasco/7082142",
    "price": 1.89,
    "reference_price": 5.4,
    "iva": 10,
    "reference_unit": "1 Kg",
    "date": "2023-01-17"
  },
  {
    "id": 5951,
    "name": "Mini Bombón Surtido Pack de 8 Unidades CONSUM",
    "description": "Mini Bombón Surtido Pack de 8 Unidades 342 Gr",
    "category": "Bombones",
    "url": "https://tienda.consum.es/es/p/mini-bombon-surtido-pack-de-8-unidades/7082258",
    "price": 2.1,
    "reference_price": 6.14,
    "iva": 10,
    "reference_unit": "1 Kg",
    "date": "2023-01-17"
  },
  {
    "id": 5952,
    "name": "Sobrasada Ibérica ELPOZO",
    "description": "Sobrasada Ibérica 200 Gr",
    "category": "Sobrasada",
    "url": "https://tienda.consum.es/es/p/sobrasada-iberica/7082337",
    "price": 1.99,
    "reference_price": 9.95,
    "iva": 10,
    "reference_unit": "1 Kg",
    "date": "2023-01-17"
  },
  {
    "id": 5953,
    "name": "Ginebra T.KINGDOMS",
    "description": "Ginebra 0,7 L",
    "category": "Licores y vermouth",
    "url": "https://tienda.consum.es/es/p/ginebra/7082399",
    "price": 6.35,
    "reference_price": 9.07,
    "iva": 21,
    "reference_unit": "1 L",
    "date": "2023-01-17"
  },
  {
    "id": 5954,
    "name": "Bebida Espirituosa Solera ALFONSO I",
    "description": "Bebida Espirituosa Solera 1 L",
    "category": "Licores y vermouth",
    "url": "https://tienda.consum.es/es/p/bebida-espirituosa-solera/7082493",
    "price": 6,
    "reference_price": 6,
    "iva": 21,
    "reference_unit": "1 L",
    "date": "2023-01-17"
  },
  {
    "id": 5956,
    "name": "Bizcochitos All Bran Cereales 6U KELLOGG'S",
    "description": "Bizcochitos All Bran Cereales 6U 240 Gr",
    "category": "Barritas ",
    "url": "https://tienda.consum.es/es/p/bizcochitos-all-bran-cereales-6u/7082832",
    "price": 3.25,
    "reference_price": 13.54,
    "iva": 10,
    "reference_unit": "1 Kg",
    "date": "2023-01-17"
  },
  {
    "id": 5960,
    "name": "Saladitos Pack de 2 CONSUM",
    "description": "Saladitos Pack de 2 2 x 90 Gr",
    "category": "Rosquilletas, picos y snacks",
    "url": "https://tienda.consum.es/es/p/saladitos-pack-de-2/7082881",
    "price": 1.45,
    "reference_price": 8.06,
    "iva": 10,
    "reference_unit": "1 Kg",
    "date": "2023-01-17"
  },
  {
    "id": 5961,
    "name": "Zumo Piña y Uva Concentrado Pack de 6 DON SIMON",
    "description": "Zumo Piña y Uva Concentrado Pack de 6 6 x 200 ml",
    "category": "Zumos y néctares no refrigerados",
    "url": "https://tienda.consum.es/es/p/zumo-pina-y-uva-concentrado-pack-de-6/7082931",
    "price": 1.69,
    "reference_price": 1.41,
    "iva": 10,
    "reference_unit": "1 L",
    "date": "2023-01-17"
  },
  {
    "id": 5963,
    "name": "Atún Claro Aceite Oliva Pack de 6 CONSUM",
    "description": "Atún Claro Aceite Oliva Pack de 6 6 x 52 Gr",
    "category": "Atún y bonito",
    "url": "https://tienda.consum.es/es/p/atun-claro-aceite-oliva-pack-de-6/7083231",
    "price": 5.05,
    "reference_price": 16.19,
    "iva": 10,
    "reference_unit": "1 Kg",
    "date": "2023-01-17"
  },
  {
    "id": 5964,
    "name": "Atún Claro Aceite Girasol Pack de 6 CONSUM",
    "description": "Atún Claro Aceite Girasol Pack de 6 6 x 52 Gr",
    "category": "Atún y bonito",
    "url": "https://tienda.consum.es/es/p/atun-claro-aceite-girasol-pack-de-6/7083236",
    "price": 4.55,
    "reference_price": 14.58,
    "iva": 10,
    "reference_unit": "1 Kg",
    "date": "2023-01-17"
  },
  {
    "id": 5966,
    "name": "Pepinillos Finos Vinagre Frasco CONSUM",
    "description": "Pepinillos Finos Vinagre Frasco 230 Gr",
    "category": "Pepinillos",
    "url": "https://tienda.consum.es/es/p/pepinillos-finos-vinagre-frasco/7083327",
    "price": 1.25,
    "reference_price": 5.43,
    "iva": 10,
    "reference_unit": "1 Kg",
    "date": "2023-01-17"
  },
  {
    "id": 5967,
    "name": "Pepinillos Finos Sabor Anchoa Frasco CONSUM",
    "description": "Pepinillos Finos Sabor Anchoa Frasco 230 Gr",
    "category": "Pepinillos",
    "url": "https://tienda.consum.es/es/p/pepinillos-finos-sabor-anchoa-frasco/7083335",
    "price": 1.39,
    "reference_price": 6.04,
    "iva": 10,
    "reference_unit": "1 Kg",
    "date": "2023-01-17"
  },
  {
    "id": 5968,
    "name": "Cocktail Aceitunas y Pepinillos Frasco CONSUM",
    "description": "Cocktail Aceitunas y Pepinillos Frasco 500 Gr",
    "category": "Banderillas y cocktails",
    "url": "https://tienda.consum.es/es/p/cocktail-aceitunas-y-pepinillos-frasco/7083350",
    "price": 2.25,
    "reference_price": 4.5,
    "iva": 10,
    "reference_unit": "1 Kg",
    "date": "2023-01-17"
  },
  {
    "id": 5969,
    "name": "Banderillas Dulces Frasco CONSUM",
    "description": "Banderillas Dulces Frasco 215 Gr",
    "category": "Banderillas y cocktails",
    "url": "https://tienda.consum.es/es/p/banderillas-dulces-frasco/7083371",
    "price": 1.79,
    "reference_price": 8.33,
    "iva": 10,
    "reference_unit": "1 Kg",
    "date": "2023-01-17"
  },
  {
    "id": 5970,
    "name": "Banderillas Picantes Frasco CONSUM",
    "description": "Banderillas Picantes Frasco 215 Gr",
    "category": "Banderillas y cocktails",
    "url": "https://tienda.consum.es/es/p/banderillas-picantes-frasco/7083376",
    "price": 1.79,
    "reference_price": 8.33,
    "iva": 10,
    "reference_unit": "1 Kg",
    "date": "2023-01-17"
  },
  {
    "id": 5973,
    "name": "Cerveza Botella Cristal ADLERBRAU",
    "description": "Cerveza Botella Cristal 1 L",
    "category": "Nacional botella",
    "url": "https://tienda.consum.es/es/p/cerveza-botella-cristal/7083579",
    "price": 0.95,
    "reference_price": 0.95,
    "iva": 21,
    "reference_unit": "1 L",
    "date": "2023-01-17"
  },
  {
    "id": 5974,
    "name": "Cerveza Botella Cristal Pack de 6 ADLERBRAU",
    "description": "Cerveza Botella Cristal Pack de 6 6 x 0,25 L",
    "category": "Nacional botella",
    "url": "https://tienda.consum.es/es/p/cerveza-botella-cristal-pack-de-6/7083582",
    "price": 2.1,
    "reference_price": 1.4,
    "iva": 21,
    "reference_unit": "1 L",
    "date": "2023-01-17"
  },
  {
    "id": 5975,
    "name": "Cerveza sin Alcohol Lata ADLERBRAU",
    "description": "Cerveza sin Alcohol Lata 0,33 L",
    "category": "0, 0 y 0, 9",
    "url": "https://tienda.consum.es/es/p/cerveza-sin-alcohol-lata/7083590",
    "price": 0.35,
    "reference_price": 1.06,
    "iva": 21,
    "reference_unit": "1 L",
    "date": "2023-01-17"
  },
  {
    "id": 5976,
    "name": "Cerveza Lata ADLERBRAU",
    "description": "Cerveza Lata 0,33 L",
    "category": "Nacional lata",
    "url": "https://tienda.consum.es/es/p/cerveza-lata/7083608",
    "price": 0.31,
    "reference_price": 0.94,
    "iva": 21,
    "reference_unit": "1 L",
    "date": "2023-01-17"
  },
  {
    "id": 5977,
    "name": "Cerveza Lata ADLERBRAU",
    "description": "Cerveza Lata 0,5 L",
    "category": "Nacional lata",
    "url": "https://tienda.consum.es/es/p/cerveza-lata/7083624",
    "price": 0.49,
    "reference_price": 0.98,
    "iva": 21,
    "reference_unit": "1 L",
    "date": "2023-01-17"
  },
  {
    "id": 5978,
    "name": "Cerveza sin Alcohol Limón Lata ADLERBRAU",
    "description": "Cerveza sin Alcohol Limón Lata 0,33 L",
    "category": "Importación lata",
    "url": "https://tienda.consum.es/es/p/cerveza-sin-alcohol-limon-lata/7083694",
    "price": 0.45,
    "reference_price": 1.36,
    "iva": 21,
    "reference_unit": "1 L",
    "date": "2023-01-17"
  },
  {
    "id": 5979,
    "name": "Jamón de Pavo CAMPOFRÍO",
    "description": "Jamón de Pavo 380 Gr",
    "category": "Fiambres ave",
    "url": "https://tienda.consum.es/es/p/jamon-de-pavo/7084270",
    "price": 3.79,
    "reference_price": 9.97,
    "iva": 10,
    "reference_unit": "1 Kg",
    "date": "2023-01-17"
  },
  {
    "id": 5980,
    "name": "Philadelphia Light Tarrina PHILADELPHIA",
    "description": "Philadelphia Light Tarrina 200 Gr",
    "category": "Quesos Para untar",
    "url": "https://tienda.consum.es/es/p/philadelphia-light-tarrina/7084288",
    "price": 2.2,
    "reference_price": 11,
    "iva": 0,
    "reference_unit": "1 Kg",
    "date": "2023-01-17"
  },
  {
    "id": 5982,
    "name": "Masa de Pizza Finíssima BUITONI",
    "description": "Masa de Pizza Finíssima 260 Gr",
    "category": "Refrigeradas",
    "url": "https://tienda.consum.es/es/p/masa-de-pizza-finissima/7086374",
    "price": 2.19,
    "reference_price": 8.42,
    "iva": 10,
    "reference_unit": "1 Kg",
    "date": "2023-01-17"
  },
  {
    "id": 5983,
    "name": "Café Soluble Natural CONSUM",
    "description": "Café Soluble Natural 100 Gr",
    "category": "Café Soluble ",
    "url": "https://tienda.consum.es/es/p/cafe-soluble-natural/7086390",
    "price": 1.8,
    "reference_price": 18,
    "iva": 10,
    "reference_unit": "1 Kg",
    "date": "2023-01-17"
  },
  {
    "id": 5984,
    "name": "Café Soluble Natural CONSUM",
    "description": "Café Soluble Natural 200 Gr",
    "category": "Café Soluble ",
    "url": "https://tienda.consum.es/es/p/cafe-soluble-natural/7086395",
    "price": 2.5,
    "reference_price": 12.5,
    "iva": 10,
    "reference_unit": "1 Kg",
    "date": "2023-01-17"
  },
  {
    "id": 5985,
    "name": "Café Soluble Descafeinado CONSUM",
    "description": "Café Soluble Descafeinado 100 Gr",
    "category": "Café Soluble ",
    "url": "https://tienda.consum.es/es/p/cafe-soluble-descafeinado/7086403",
    "price": 1.85,
    "reference_price": 18.5,
    "iva": 10,
    "reference_unit": "1 Kg",
    "date": "2023-01-17"
  },
  {
    "id": 5986,
    "name": "Café Soluble Descafeinado CONSUM",
    "description": "Café Soluble Descafeinado 200 Gr",
    "category": "Café Soluble ",
    "url": "https://tienda.consum.es/es/p/cafe-soluble-descafeinado/7086408",
    "price": 3.1,
    "reference_price": 15.5,
    "iva": 10,
    "reference_unit": "1 Kg",
    "date": "2023-01-17"
  },
  {
    "id": 5988,
    "name": "Vino Tinto Crianza D.O.Valdepeñas SEÑOR.LLANOS",
    "description": "Vino Tinto Crianza D.O.Valdepeñas 0,75 L",
    "category": "Vinos d.o",
    "url": "https://tienda.consum.es/es/p/vino-tinto-crianza-dovaldepenas/7086676",
    "price": 2.4,
    "reference_price": 3.2,
    "iva": 21,
    "reference_unit": "1 L",
    "date": "2023-01-17"
  },
  {
    "id": 5989,
    "name": "Protector para Callos Discos Central Látex PHARMADOCT",
    "description": "Protector para Callos Discos Central Látex 10 U",
    "category": "Manicura y pedicura",
    "url": "https://tienda.consum.es/es/p/protector-para-callos-discos-central-latex/7086838",
    "price": 1.65,
    "reference_price": 0.17,
    "iva": 21,
    "reference_unit": "1 U",
    "date": "2023-01-17"
  },
  {
    "id": 5990,
    "name": "Protector Labial FP15 Aróma Fresa PHARMADOCT",
    "description": "Protector Labial FP15 Aróma Fresa 1 U",
    "category": "Protector labial",
    "url": "https://tienda.consum.es/es/p/protector-labial-fp15-aroma-fresa/7086841",
    "price": 2.35,
    "reference_price": 2.35,
    "iva": 21,
    "reference_unit": "1 U",
    "date": "2023-01-17"
  },
  {
    "id": 29208,
    "name": "Croqueta Pollo congelada CONSUM",
    "description": "Croqueta Pollo congelada 500 Gr",
    "category": "Croquetas y empanadillas",
    "url": "https://tienda.consum.es/es/p/croqueta-pollo-congelada/7395445",
    "price": 1.95,
    "reference_price": 3.9,
    "iva": 10,
    "reference_unit": "1 Kg",
    "date": "2023-01-17"
  },
  {
    "id": 29210,
    "name": "Café con Leche 30 Cápsulas DOLCE GUSTO",
    "description": "Café con Leche 30 Cápsulas 30 U",
    "category": "Café en cápsulas",
    "url": "https://tienda.consum.es/es/p/cafe-con-leche-30-capsulas/7397250",
    "price": 8.25,
    "reference_price": 0.28,
    "iva": 10,
    "reference_unit": "1 U",
    "date": "2023-01-17"
  },
  {
    "id": 29212,
    "name": "Café Espresso Intenso 30 Cápsulas DOLCE GUSTO",
    "description": "Café Espresso Intenso 30 Cápsulas 30 U",
    "category": "Café en cápsulas",
    "url": "https://tienda.consum.es/es/p/cafe-espresso-intenso-30-capsulas/7397263",
    "price": 8.25,
    "reference_price": 0.28,
    "iva": 10,
    "reference_unit": "1 U",
    "date": "2023-01-17"
  },
  {
    "id": 29213,
    "name": "Café Espresso Colombia DG Cápsulas STARBUCKS",
    "description": "Café Espresso Colombia DG Cápsulas 12 U",
    "category": "Café en cápsulas",
    "url": "https://tienda.consum.es/es/p/cafe-espresso-colombia-dg-capsulas/7397268",
    "price": 4.89,
    "reference_price": 0.41,
    "iva": 10,
    "reference_unit": "1 U",
    "date": "2023-01-17"
  },
  {
    "id": 29214,
    "name": "Retoca Raices Castaño Claro PALETTE",
    "description": "Retoca Raices Castaño Claro 1 U",
    "category": "Coloración",
    "url": "https://tienda.consum.es/es/p/retoca-raices-castano-claro/7397354",
    "price": 4.95,
    "reference_price": 4.95,
    "iva": 21,
    "reference_unit": "1 U",
    "date": "2023-01-17"
  },
  {
    "id": 29215,
    "name": "Retoca Raices Castaño PALETTE",
    "description": "Retoca Raices Castaño 1 U",
    "category": "Coloración",
    "url": "https://tienda.consum.es/es/p/retoca-raices-castano/7397359",
    "price": 4.95,
    "reference_price": 4.95,
    "iva": 21,
    "reference_unit": "1 U",
    "date": "2023-01-17"
  },
  {
    "id": 29216,
    "name": "Detergente Gel Antiolores WIPP",
    "description": "Detergente Gel Antiolores 37 Lv",
    "category": "A máquina líquido",
    "url": "https://tienda.consum.es/es/p/detergente-gel-antiolores/7397396",
    "price": 9.99,
    "reference_price": 0.27,
    "iva": 21,
    "reference_unit": "1 Lv",
    "date": "2023-01-17"
  },
  {
    "id": 29222,
    "name": "Zumo Exprimido Naranja Con Pulpa Pet GRANINI",
    "description": "Zumo Exprimido Naranja Con Pulpa Pet 1 L",
    "category": "Zumos y néctares no refrigerados",
    "url": "https://tienda.consum.es/es/p/zumo-exprimido-naranja-con-pulpa-pet/7398423",
    "price": 3.29,
    "reference_price": 3.29,
    "iva": 10,
    "reference_unit": "1 L",
    "date": "2023-01-17"
  },
  {
    "id": 29226,
    "name": "Platos de Fiesta 23 cm Globos GABBIANO",
    "description": "Platos de Fiesta 23 cm Globos 8 U",
    "category": "Decoración y fiestas",
    "url": "https://tienda.consum.es/es/p/platos-de-fiesta-23-cm-globos/7398766",
    "price": 1.99,
    "reference_price": 0.25,
    "iva": 21,
    "reference_unit": "1 U",
    "date": "2023-01-17"
  },
  {
    "id": 29227,
    "name": "Servilletas de Fiesta Unicornio GABBIANO",
    "description": "Servilletas de Fiesta Unicornio 20 U",
    "category": "Decoración y fiestas",
    "url": "https://tienda.consum.es/es/p/servilletas-de-fiesta-unicornio/7398787",
    "price": 1.99,
    "reference_price": 0.1,
    "iva": 21,
    "reference_unit": "1 U",
    "date": "2023-01-17"
  },
  {
    "id": 29229,
    "name": "Cepillo Dientes 1+1 COLGATE",
    "description": "Cepillo Dientes 1+1 2 U",
    "category": "Cepillos de dientes",
    "url": "https://tienda.consum.es/es/p/cepillo-dientes-11/7399140",
    "price": 3.39,
    "reference_price": 1.7,
    "iva": 21,
    "reference_unit": "1 U",
    "date": "2023-01-17"
  },
  {
    "id": 29230,
    "name": "30% Protein Bar Brownie 3 uds JUST LOADING",
    "description": "30% Protein Bar Brownie 3 uds 90 Gr",
    "category": "Para deportistas",
    "url": "https://tienda.consum.es/es/p/30-protein-bar-brownie-3-uds/7399202",
    "price": 3.09,
    "reference_price": 34.33,
    "iva": 10,
    "reference_unit": "1 Kg",
    "date": "2023-01-17"
  },
  {
    "id": 29231,
    "name": "30% Protein Bar Stracciatella 3 uds JUST LOADING",
    "description": "30% Protein Bar Stracciatella 3 uds 90 Gr",
    "category": "Para deportistas",
    "url": "https://tienda.consum.es/es/p/30-protein-bar-stracciatella-3-uds/7399207",
    "price": 2.95,
    "reference_price": 32.78,
    "iva": 10,
    "reference_unit": "1 Kg",
    "date": "2023-01-17"
  },
  {
    "id": 29233,
    "name": "Queso Fresco Tradicional Villalón LACT.VICENTE",
    "description": "Queso Fresco Tradicional Villalón",
    "category": "Frescos y para ensaladas",
    "url": "https://tienda.consum.es/es/p/queso-fresco-tradicional-villalon/7399215",
    "price": 11.44,
    "reference_price": 11.44,
    "iva": 0,
    "reference_unit": "1 Kg",
    "date": "2023-01-17"
  },
  {
    "id": 29234,
    "name": "Queso Fresco Tradicional Villalón LACT.VICENTE",
    "description": "Queso Fresco Tradicional Villalón 250 Gr",
    "category": "Frescos y para ensaladas",
    "url": "https://tienda.consum.es/es/p/queso-fresco-tradicional-villalon/7399228",
    "price": 2.45,
    "reference_price": 9.8,
    "iva": 0,
    "reference_unit": "1 Kg",
    "date": "2023-01-17"
  },
  {
    "id": 29235,
    "name": "Jalea Real con Ginseng Caja 12 Unidades NATURTIERRA",
    "description": "Jalea Real con Ginseng Caja 12 Unidades 120 ml",
    "category": "Complementos nutricionales",
    "url": "https://tienda.consum.es/es/p/jalea-real-con-ginseng-caja-12-unidades/7399392",
    "price": 4.95,
    "reference_price": 41.25,
    "iva": 10,
    "reference_unit": "1 L",
    "date": "2023-01-17"
  },
  {
    "id": 29236,
    "name": "Jalea Real con Propóleo Caja 12 Unidades NATURTIERRA",
    "description": "Jalea Real con Propóleo Caja 12 Unidades 120 ml",
    "category": "Complementos nutricionales",
    "url": "https://tienda.consum.es/es/p/jalea-real-con-propoleo-caja-12-unidades/7399397",
    "price": 4.95,
    "reference_price": 41.25,
    "iva": 10,
    "reference_unit": "1 L",
    "date": "2023-01-17"
  },
  {
    "id": 29240,
    "name": "Salsa Barbacoa Bull's-Eye HEINZ",
    "description": "Salsa Barbacoa Bull's-Eye 335 Gr",
    "category": "Brava, barbacoa y rosa",
    "url": "https://tienda.consum.es/es/p/salsa-barbacoa-bulls-eye/7399566",
    "price": 3.65,
    "reference_price": 10.9,
    "iva": 10,
    "reference_unit": "1 Kg",
    "date": "2023-01-17"
  },
  {
    "id": 29241,
    "name": "Ensalada del Chef CONSUM",
    "description": "Ensalada del Chef 205 Gr",
    "category": "Ensaladas preparadas y guacamole",
    "url": "https://tienda.consum.es/es/p/ensalada-del-chef/7399681",
    "price": 2.89,
    "reference_price": 14.1,
    "iva": 10,
    "reference_unit": "1 Kg",
    "date": "2023-01-17"
  },
  {
    "id": 29244,
    "name": "Atún Claro Lomos en Aceite de Oliva CONSUM",
    "description": "Atún Claro Lomos en Aceite de Oliva 135 Gr",
    "category": "Atún y bonito",
    "url": "https://tienda.consum.es/es/p/atun-claro-lomos-en-aceite-de-oliva/7369887",
    "price": 3.69,
    "reference_price": 27.33,
    "iva": 10,
    "reference_unit": "1 Kg",
    "date": "2023-01-17"
  },
  {
    "id": 29245,
    "name": "Arroz Marisco congelado CONSUM",
    "description": "Arroz Marisco congelado 450 Gr",
    "category": "Carne, verduras y otros",
    "url": "https://tienda.consum.es/es/p/arroz-marisco-congelado/7377588",
    "price": 2.19,
    "reference_price": 4.87,
    "iva": 10,
    "reference_unit": "1 Kg",
    "date": "2023-01-17"
  },
  {
    "id": 29246,
    "name": "Mortadela con Aceitunas Finas Lonchas CONSUM",
    "description": "Mortadela con Aceitunas Finas Lonchas 250 Gr",
    "category": "Mortadela y chopped",
    "url": "https://tienda.consum.es/es/p/mortadela-con-aceitunas-finas-lonchas/7377955",
    "price": 1.49,
    "reference_price": 5.96,
    "iva": 10,
    "reference_unit": "1 Kg",
    "date": "2023-01-17"
  },
  {
    "id": 29247,
    "name": "Mortadela Finas Lonchas CONSUM",
    "description": "Mortadela Finas Lonchas 250 Gr",
    "category": "Mortadela y chopped",
    "url": "https://tienda.consum.es/es/p/mortadela-finas-lonchas/7377963",
    "price": 1.49,
    "reference_price": 5.96,
    "iva": 10,
    "reference_unit": "1 Kg",
    "date": "2023-01-17"
  },
  {
    "id": 29248,
    "name": "Arroz 3 Delicias Marisco congelado CONSUM",
    "description": "Arroz 3 Delicias Marisco congelado 450 Gr",
    "category": "Carne, verduras y otros",
    "url": "https://tienda.consum.es/es/p/arroz-3-delicias-marisco-congelado/7378743",
    "price": 1.89,
    "reference_price": 4.2,
    "iva": 10,
    "reference_unit": "1 Kg",
    "date": "2023-01-17"
  },
  {
    "id": 29249,
    "name": "Quinoa y Lentejas congeladas CONSUM",
    "description": "Quinoa y Lentejas congeladas 350 Gr",
    "category": "Salteados y revueltos",
    "url": "https://tienda.consum.es/es/p/quinoa-y-lentejas-congeladas/7387392",
    "price": 2.29,
    "reference_price": 6.54,
    "iva": 10,
    "reference_unit": "1 Kg",
    "date": "2023-01-17"
  },
  {
    "id": 29250,
    "name": "Lápiz Cejas Nº1 MAYBELLINE",
    "description": "Lápiz Cejas Nº1 1 U",
    "category": "Ojos",
    "url": "https://tienda.consum.es/es/p/lapiz-cejas-n1/7396161",
    "price": 7.99,
    "reference_price": 7.99,
    "iva": 21,
    "reference_unit": "1 U",
    "date": "2023-01-17"
  },
  {
    "id": 29254,
    "name": "Champu Ultimate Repair GLISS",
    "description": "Champu Ultimate Repair 250 ml",
    "category": "Champú",
    "url": "https://tienda.consum.es/es/p/champu-ultimate-repair/7397367",
    "price": 2.99,
    "reference_price": 1.2,
    "iva": 21,
    "reference_unit": "100 ml",
    "date": "2023-01-17"
  },
  {
    "id": 29257,
    "name": "Bonito en Aceite de Oliva Pack 2 ORTIZ",
    "description": "Bonito en Aceite de Oliva Pack 2 2 x 47 Gr",
    "category": "Atún y bonito",
    "url": "https://tienda.consum.es/es/p/bonito-en-aceite-de-oliva-pack-2/7397813",
    "price": 3.39,
    "reference_price": 36.06,
    "iva": 10,
    "reference_unit": "1 Kg",
    "date": "2023-01-17"
  },
  {
    "id": 29258,
    "name": "Crema Pañal Sin Perfume CONSUM KIDS",
    "description": "Crema Pañal Sin Perfume 100 ml",
    "category": "Cremas, lociones y colonia",
    "url": "https://tienda.consum.es/es/p/crema-panal-sin-perfume/7398527",
    "price": 2.75,
    "reference_price": 2.75,
    "iva": 21,
    "reference_unit": "100 ml",
    "date": "2023-01-17"
  },
  {
    "id": 29259,
    "name": "Tinte Nudes Rubio Claro 8U EXCELLENCE",
    "description": "Tinte Nudes Rubio Claro 8U 1 U",
    "category": "Coloración",
    "url": "https://tienda.consum.es/es/p/tinte-nudes-rubio-claro-8u/7398980",
    "price": 7.9,
    "reference_price": 7.9,
    "iva": 21,
    "reference_unit": "1 U",
    "date": "2023-01-17"
  },
  {
    "id": 29260,
    "name": "Tinte Nudes 7U Rubio EXCELLENCE",
    "description": "Tinte Nudes 7U Rubio 1 U",
    "category": "Coloración",
    "url": "https://tienda.consum.es/es/p/tinte-nudes-7u-rubio/7398985",
    "price": 7.9,
    "reference_price": 7.9,
    "iva": 21,
    "reference_unit": "1 U",
    "date": "2023-01-17"
  },
  {
    "id": 29261,
    "name": "Tinte Nudes 6U Rubio Oscuro EXCELLENCE",
    "description": "Tinte Nudes 6U Rubio Oscuro 1 U",
    "category": "Coloración",
    "url": "https://tienda.consum.es/es/p/tinte-nudes-6u-rubio-oscuro/7398998",
    "price": 7.9,
    "reference_price": 7.9,
    "iva": 21,
    "reference_unit": "1 U",
    "date": "2023-01-17"
  },
  {
    "id": 29262,
    "name": "Tinte Nudes 5U Castaño Claro EXCELLENCE",
    "description": "Tinte Nudes 5U Castaño Claro 1 U",
    "category": "Coloración",
    "url": "https://tienda.consum.es/es/p/tinte-nudes-5u-castano-claro/7399004",
    "price": 7.9,
    "reference_price": 7.9,
    "iva": 21,
    "reference_unit": "1 U",
    "date": "2023-01-17"
  },
  {
    "id": 29263,
    "name": "Tinte Nudes 4U Castaño EXCELLENCE",
    "description": "Tinte Nudes 4U Castaño 1 U",
    "category": "Coloración",
    "url": "https://tienda.consum.es/es/p/tinte-nudes-4u-castano/7399009",
    "price": 7.9,
    "reference_price": 7.9,
    "iva": 21,
    "reference_unit": "1 U",
    "date": "2023-01-17"
  },
  {
    "id": 29264,
    "name": "Tinte Nudes 3U Castaño Oscuro EXCELLENCE",
    "description": "Tinte Nudes 3U Castaño Oscuro 1 U",
    "category": "Coloración",
    "url": "https://tienda.consum.es/es/p/tinte-nudes-3u-castano-oscuro/7399012",
    "price": 7.9,
    "reference_price": 7.9,
    "iva": 21,
    "reference_unit": "1 U",
    "date": "2023-01-17"
  },
  {
    "id": 29265,
    "name": "Espuma Rizos Marcados GIORGI",
    "description": "Espuma Rizos Marcados 250 ml",
    "category": "Espumas y mousses",
    "url": "https://tienda.consum.es/es/p/espuma-rizos-marcados/7399017",
    "price": 2.8,
    "reference_price": 1.12,
    "iva": 21,
    "reference_unit": "100 ml",
    "date": "2023-01-17"
  },
  {
    "id": 29266,
    "name": "Espuma Extrafuerte GIORGI",
    "description": "Espuma Extrafuerte 250 ml",
    "category": "Espumas y mousses",
    "url": "https://tienda.consum.es/es/p/espuma-extrafuerte/7399020",
    "price": 2.8,
    "reference_price": 1.12,
    "iva": 21,
    "reference_unit": "100 ml",
    "date": "2023-01-17"
  },
  {
    "id": 29267,
    "name": "Detergente en Polvo WIPP",
    "description": "Detergente en Polvo 37 Lv",
    "category": "Máquina polvo",
    "url": "https://tienda.consum.es/es/p/detergente-en-polvo/7399108",
    "price": 11.19,
    "reference_price": 0.3,
    "iva": 21,
    "reference_unit": "1 Lv",
    "date": "2023-01-17"
  },
  {
    "id": 29268,
    "name": "Desodorante Roll-On Extrem Fresh BYLY",
    "description": "Desodorante Roll-On Extrem Fresh 50 ml",
    "category": "Roll on",
    "url": "https://tienda.consum.es/es/p/desodorante-roll-on-extrem-fresh/7399152",
    "price": 1.99,
    "reference_price": 3.98,
    "iva": 21,
    "reference_unit": "100 ml",
    "date": "2023-01-17"
  },
  {
    "id": 29270,
    "name": "Escobillero WC Basic Inclinado MAYA",
    "description": "Escobillero WC Basic Inclinado 1 U",
    "category": "Útiles de limpieza",
    "url": "https://tienda.consum.es/es/p/escobillero-wc-basic-inclinado/7399160",
    "price": 2.99,
    "reference_price": 2.99,
    "iva": 21,
    "reference_unit": "1 U",
    "date": "2023-01-17"
  },
  {
    "id": 29271,
    "name": "Sérum Ojos Filler Anti-Ojeras y Arrugas L'OREAL",
    "description": "Sérum Ojos Filler Anti-Ojeras y Arrugas 20 ml",
    "category": "Tratamiento",
    "url": "https://tienda.consum.es/es/p/serum-ojos-filler-anti-ojeras-y-arrugas/7399178",
    "price": 19.95,
    "reference_price": 99.75,
    "iva": 21,
    "reference_unit": "100 ml",
    "date": "2023-01-17"
  },
  {
    "id": 29272,
    "name": "Crema de Cacao MILKA",
    "description": "Crema de Cacao 340 Gr",
    "category": "Cremas de desayuno",
    "url": "https://tienda.consum.es/es/p/crema-de-cacao/7399236",
    "price": 2.99,
    "reference_price": 8.79,
    "iva": 10,
    "reference_unit": "1 Kg",
    "date": "2023-01-17"
  },
  {
    "id": 29276,
    "name": "Tratamiento Alisado Brasileño en Casa KATIVA",
    "description": "Tratamiento Alisado Brasileño en Casa 1 U",
    "category": "Específico",
    "url": "https://tienda.consum.es/es/p/tratamiento-alisado-brasileno-en-casa/7399389",
    "price": 10.99,
    "reference_price": 10.99,
    "iva": 21,
    "reference_unit": "1 U",
    "date": "2023-01-17"
  },
  {
    "id": 29277,
    "name": "Crema de Pies Exfoliante EUDERMIN",
    "description": "Crema de Pies Exfoliante 75 ml",
    "category": "Crema de pies",
    "url": "https://tienda.consum.es/es/p/crema-de-pies-exfoliante/7399454",
    "price": 2.6,
    "reference_price": 3.47,
    "iva": 21,
    "reference_unit": "100 ml",
    "date": "2023-01-17"
  },
  {
    "id": 29278,
    "name": "Desodorante Spray Active Control SANEX",
    "description": "Desodorante Spray Active Control 200 ml",
    "category": "Spray",
    "url": "https://tienda.consum.es/es/p/desodorante-spray-active-control/7399496",
    "price": 3.39,
    "reference_price": 1.7,
    "iva": 21,
    "reference_unit": "100 ml",
    "date": "2023-01-17"
  },
  {
    "id": 29279,
    "name": "Bebida Isotónica Berry REIGN",
    "description": "Bebida Isotónica Berry 0,5 L",
    "category": "Isotónicas botella",
    "url": "https://tienda.consum.es/es/p/bebida-isotonica-berry/7399546",
    "price": 1.99,
    "reference_price": 3.98,
    "iva": 21,
    "reference_unit": "1 L",
    "date": "2023-01-17"
  },
  {
    "id": 29284,
    "name": "Colonia Pure Lightness ADIDAS",
    "description": "Colonia Pure Lightness 50 ml",
    "category": "Femeninas",
    "url": "https://tienda.consum.es/es/p/colonia-pure-lightness/7399645",
    "price": 7.95,
    "reference_price": 15.9,
    "iva": 21,
    "reference_unit": "100 ml",
    "date": "2023-01-17"
  },
  {
    "id": 29285,
    "name": "Pastillas Lavavajillas Essential FINISH",
    "description": "Pastillas Lavavajillas Essential 26 Do",
    "category": "Lavavajillas a máquina",
    "url": "https://tienda.consum.es/es/p/pastillas-lavavajillas-essential/7399694",
    "price": 3.75,
    "reference_price": 0.14,
    "iva": 21,
    "reference_unit": "1 Do",
    "date": "2023-01-17"
  },
  {
    "id": 29286,
    "name": "Pastillas Lavavajillas Quantum 18+10 FINISH",
    "description": "Pastillas Lavavajillas Quantum 18+10 28 Do",
    "category": "Lavavajillas a máquina",
    "url": "https://tienda.consum.es/es/p/pastillas-lavavajillas-quantum-1810/7399699",
    "price": 9.5,
    "reference_price": 0.34,
    "iva": 21,
    "reference_unit": "1 Do",
    "date": "2023-01-17"
  },
  {
    "id": 29289,
    "name": "Barra de Labios Color Riche Mate Nº114 L'OREAL",
    "description": "Barra de Labios Color Riche Mate Nº114 1 U",
    "category": "Labiales",
    "url": "https://tienda.consum.es/es/p/barra-de-labios-color-riche-mate-n114/7350288",
    "price": 8.99,
    "reference_price": 8.99,
    "iva": 21,
    "reference_unit": "1 U",
    "date": "2023-01-17"
  },
  {
    "id": 29292,
    "name": "Ventresca de Atún Claro en Aceite de Oliva CONSUM",
    "description": "Ventresca de Atún Claro en Aceite de Oliva 72,5 Gr",
    "category": "Atún y bonito",
    "url": "https://tienda.consum.es/es/p/ventresca-de-atun-claro-en-aceite-de-oliva/7369890",
    "price": 2.9,
    "reference_price": 40,
    "iva": 10,
    "reference_unit": "1 Kg",
    "date": "2023-01-17"
  },
  {
    "id": 29293,
    "name": "Canelones congelados Carne Pack de 8 Unidades LA COCINERA",
    "description": "Canelones congelados Carne Pack de 8 Unidades 500 Gr",
    "category": "Canelones y lasañas",
    "url": "https://tienda.consum.es/es/p/canelones-congelados-carne-pack-de-8-unidades/7393916",
    "price": 4.76,
    "reference_price": 9.52,
    "iva": 5,
    "reference_unit": "1 Kg",
    "date": "2023-01-17"
  },
  {
    "id": 29297,
    "name": "Máscara Mega Volumen Air XBlack L'OREAL",
    "description": "Máscara Mega Volumen Air XBlack 1 U",
    "category": "Ojos",
    "url": "https://tienda.consum.es/es/p/mascara-mega-volumen-air-xblack/7396380",
    "price": 9.99,
    "reference_price": 9.99,
    "iva": 21,
    "reference_unit": "1 U",
    "date": "2023-01-17"
  },
  {
    "id": 29299,
    "name": "Cápsulas Vientre Plano NATURTIERRA",
    "description": "Cápsulas Vientre Plano 30 U",
    "category": "Fitoterapia",
    "url": "https://tienda.consum.es/es/p/capsulas-vientre-plano/7398324",
    "price": 4.5,
    "reference_price": 0.15,
    "iva": 10,
    "reference_unit": "1 U",
    "date": "2023-01-17"
  },
  {
    "id": 29300,
    "name": "Cápsulas Visión NATURTIERRA",
    "description": "Cápsulas Visión 30 U",
    "category": "Fitoterapia",
    "url": "https://tienda.consum.es/es/p/capsulas-vision/7398329",
    "price": 4.5,
    "reference_price": 0.15,
    "iva": 10,
    "reference_unit": "1 U",
    "date": "2023-01-17"
  },
  {
    "id": 29302,
    "name": "Natuchips Sour Cream Bolsa SNATT'S",
    "description": "Natuchips Sour Cream Bolsa 85 Gr",
    "category": "Snacks y otros aperitivos",
    "url": "https://tienda.consum.es/es/p/natuchips-sour-cream-bolsa/7398725",
    "price": 1.75,
    "reference_price": 20.59,
    "iva": 10,
    "reference_unit": "1 Kg",
    "date": "2023-01-17"
  },
  {
    "id": 29303,
    "name": "Salsa Ligeresa Tarro LIGERESA",
    "description": "Salsa Ligeresa Tarro 450 ml",
    "category": "Mayonesa",
    "url": "https://tienda.consum.es/es/p/salsa-ligeresa-tarro/7398746",
    "price": 1.99,
    "reference_price": 4.42,
    "iva": 10,
    "reference_unit": "1 L",
    "date": "2023-01-17"
  },
  {
    "id": 29306,
    "name": "Queso Cheddar en Lonchas SANABRIA",
    "description": "Queso Cheddar en Lonchas 200 Gr",
    "category": "Barra y otros nacionales",
    "url": "https://tienda.consum.es/es/p/queso-cheddar-en-lonchas/7399249",
    "price": 2.45,
    "reference_price": 12.25,
    "iva": 0,
    "reference_unit": "1 Kg",
    "date": "2023-01-17"
  },
  {
    "id": 29308,
    "name": "Queso Gouda en Lonchas SANABRIA",
    "description": "Queso Gouda en Lonchas 200 Gr",
    "category": "Barra y otros nacionales",
    "url": "https://tienda.consum.es/es/p/queso-gouda-en-lonchas/7399256",
    "price": 2.16,
    "reference_price": 10.8,
    "iva": 0,
    "reference_unit": "1 Kg",
    "date": "2023-01-17"
  },
  {
    "id": 29309,
    "name": "Queso Cheddar Rallado SANABRIA",
    "description": "Queso Cheddar Rallado 150 Gr",
    "category": "Quesos Rallados",
    "url": "https://tienda.consum.es/es/p/queso-cheddar-rallado/7399264",
    "price": 2.26,
    "reference_price": 15.07,
    "iva": 0,
    "reference_unit": "1 Kg",
    "date": "2023-01-17"
  },
  {
    "id": 29310,
    "name": "Queso Rallado 4 Quesos SANABRIA",
    "description": "Queso Rallado 4 Quesos 200 Gr",
    "category": "Quesos Rallados",
    "url": "https://tienda.consum.es/es/p/queso-rallado-4-quesos/7399269",
    "price": 2.64,
    "reference_price": 13.2,
    "iva": 0,
    "reference_unit": "1 Kg",
    "date": "2023-01-17"
  },
  {
    "id": 29314,
    "name": "Crema Pies Antidurezas BABARIA",
    "description": "Crema Pies Antidurezas 50 ml",
    "category": "Crema de pies",
    "url": "https://tienda.consum.es/es/p/crema-pies-antidurezas/7399590",
    "price": 2.49,
    "reference_price": 4.98,
    "iva": 21,
    "reference_unit": "100 ml",
    "date": "2023-01-17"
  },
  {
    "id": 29315,
    "name": "Desodorante Spray Pies BABARIA",
    "description": "Desodorante Spray Pies 150 ml",
    "category": "Desodorantes",
    "url": "https://tienda.consum.es/es/p/desodorante-spray-pies/7399595",
    "price": 2.75,
    "reference_price": 1.83,
    "iva": 21,
    "reference_unit": "100 ml",
    "date": "2023-01-17"
  },
  {
    "id": 29316,
    "name": "Colonia Fruity Rhythm ADIDAS",
    "description": "Colonia Fruity Rhythm 75 ml",
    "category": "Femeninas",
    "url": "https://tienda.consum.es/es/p/colonia-fruity-rhythm/7399629",
    "price": 9,
    "reference_price": 12,
    "iva": 21,
    "reference_unit": "100 ml",
    "date": "2023-01-17"
  },
  {
    "id": 29318,
    "name": "Suprema Salmón congelado Pack de 2 Unidades FINDUS",
    "description": "Suprema Salmón congelado Pack de 2 Unidades 2 x 100 Gr",
    "category": "Pescados y mariscos",
    "url": "https://tienda.consum.es/es/p/suprema-salmon-congelado-pack-de-2-unidades/7399673",
    "price": 9.99,
    "reference_price": 49.95,
    "iva": 10,
    "reference_unit": "1 Kg",
    "date": "2023-01-17"
  },
  {
    "id": 29319,
    "name": "Vino Blanco Chardonnay D.O. Somontano ARIÑO",
    "description": "Vino Blanco Chardonnay D.O. Somontano 0,75 L",
    "category": "Vinos d.o",
    "url": "https://tienda.consum.es/es/p/vino-blanco-chardonnay-do-somontano/7399780",
    "price": 3.5,
    "reference_price": 4.67,
    "iva": 21,
    "reference_unit": "1 L",
    "date": "2023-01-17"
  },
  {
    "id": 29320,
    "name": "Estropajo Ultra Fresh 4 Más 2 de Regalo VILEDA",
    "description": "Estropajo Ultra Fresh 4 Más 2 de Regalo 6 U",
    "category": "Estropajos",
    "url": "https://tienda.consum.es/es/p/estropajo-ultra-fresh-4-mas-2-de-regalo/7399850",
    "price": 2.99,
    "reference_price": 0.5,
    "iva": 21,
    "reference_unit": "1 U",
    "date": "2023-01-17"
  },
  {
    "id": 29321,
    "name": "Cordón Redondo Negro 160 cm ACHUCHONAS",
    "description": "Cordón Redondo Negro 160 cm 1 U",
    "category": "Limpieza calzado y accesorios",
    "url": "https://tienda.consum.es/es/p/cordon-redondo-negro-160-cm/7399871",
    "price": 1.25,
    "reference_price": 1.25,
    "iva": 21,
    "reference_unit": "1 U",
    "date": "2023-01-17"
  },
  {
    "id": 29322,
    "name": "Cordón Plano Negro 110 cm ACHUCHONAS",
    "description": "Cordón Plano Negro 110 cm 1 U",
    "category": "Limpieza calzado y accesorios",
    "url": "https://tienda.consum.es/es/p/cordon-plano-negro-110-cm/7399889",
    "price": 1.25,
    "reference_price": 1.25,
    "iva": 21,
    "reference_unit": "1 U",
    "date": "2023-01-17"
  },
  {
    "id": 29325,
    "name": "Patatas Paprika Bote PRINGLES",
    "description": "Patatas Paprika Bote 165 Gr",
    "category": "Patatas fritas",
    "url": "https://tienda.consum.es/es/p/patatas-paprika-bote/7400021",
    "price": 2.39,
    "reference_price": 14.48,
    "iva": 10,
    "reference_unit": "1 Kg",
    "date": "2023-01-17"
  },
  {
    "id": 29329,
    "name": "Café Cortado Botella PULEVA",
    "description": "Café Cortado Botella 1 L",
    "category": "Batidos y cafés",
    "url": "https://tienda.consum.es/es/p/cafe-cortado-botella/7400260",
    "price": 2.15,
    "reference_price": 2.15,
    "iva": 10,
    "reference_unit": "1 L",
    "date": "2023-01-17"
  },
  {
    "id": 29342,
    "name": "Endurecedor Uñas CUTEX",
    "description": "Endurecedor Uñas 1 U",
    "category": "Uñas",
    "url": "https://tienda.consum.es/es/p/endurecedor-unas/7350879",
    "price": 7.99,
    "reference_price": 7.99,
    "iva": 21,
    "reference_unit": "1 U",
    "date": "2023-01-17"
  },
  {
    "id": 29343,
    "name": "Aceite Uñas Cuidado Cutícula CUTEX",
    "description": "Aceite Uñas Cuidado Cutícula 1 U",
    "category": "Uñas",
    "url": "https://tienda.consum.es/es/p/aceite-unas-cuidado-cuticula/7350882",
    "price": 7.99,
    "reference_price": 7.99,
    "iva": 21,
    "reference_unit": "1 U",
    "date": "2023-01-17"
  },
  {
    "id": 29344,
    "name": "Regenerador Uñas CUTEX",
    "description": "Regenerador Uñas 1 U",
    "category": "Uñas",
    "url": "https://tienda.consum.es/es/p/regenerador-unas/7350890",
    "price": 7.99,
    "reference_price": 7.99,
    "iva": 21,
    "reference_unit": "1 U",
    "date": "2023-01-17"
  },
  {
    "id": 29345,
    "name": "Tarrina Avellana y Cacao CONSUM",
    "description": "Tarrina Avellana y Cacao 900 ml",
    "category": "Tarrinas",
    "url": "https://tienda.consum.es/es/p/tarrina-avellana-y-cacao/7391105",
    "price": 2.89,
    "reference_price": 3.21,
    "iva": 10,
    "reference_unit": "1 L",
    "date": "2023-01-17"
  },
  {
    "id": 29346,
    "name": "Nachos de Maíz Tex Mex Bolsa CONSUM",
    "description": "Nachos de Maíz Tex Mex Bolsa 150 Gr",
    "category": "Snacks y otros aperitivos",
    "url": "https://tienda.consum.es/es/p/nachos-de-maiz-tex-mex-bolsa/7392780",
    "price": 1,
    "reference_price": 6.67,
    "iva": 10,
    "reference_unit": "1 Kg",
    "date": "2023-01-17"
  },
  {
    "id": 29348,
    "name": "Patatas Bravas congeladas CONSUM",
    "description": "Patatas Bravas congeladas 750 Gr",
    "category": "Patatas",
    "url": "https://tienda.consum.es/es/p/patatas-bravas-congeladas/7393366",
    "price": 1.72,
    "reference_price": 2.29,
    "iva": 0,
    "reference_unit": "1 Kg",
    "date": "2023-01-17"
  },
  {
    "id": 29349,
    "name": "Barrita 30% Proteina Mango CORNY",
    "description": "Barrita 30% Proteina Mango 50 Gr",
    "category": "Para deportistas",
    "url": "https://tienda.consum.es/es/p/barrita-30-proteina-mango/7398365",
    "price": 1.35,
    "reference_price": 27,
    "iva": 10,
    "reference_unit": "1 Kg",
    "date": "2023-01-17"
  },
  {
    "id": 29350,
    "name": "Barrita 30% Proteina Chocolate CORNY",
    "description": "Barrita 30% Proteina Chocolate 50 Gr",
    "category": "Para deportistas",
    "url": "https://tienda.consum.es/es/p/barrita-30-proteina-chocolate/7398373",
    "price": 1.35,
    "reference_price": 27,
    "iva": 10,
    "reference_unit": "1 Kg",
    "date": "2023-01-17"
  },
  {
    "id": 29351,
    "name": "Leche Continuación Peques Bibe PULEVA",
    "description": "Leche Continuación Peques Bibe 3 x 250 ml",
    "category": "Leche crecimiento infantil",
    "url": "https://tienda.consum.es/es/p/leche-continuacion-peques-bibe/7398402",
    "price": 1.99,
    "reference_price": 2.65,
    "iva": 10,
    "reference_unit": "1 L",
    "date": "2023-01-17"
  },
  {
    "id": 29352,
    "name": "Maquinilla Venus Basic 7 más 3 GILLETTE",
    "description": "Maquinilla Venus Basic 7 más 3 1 U",
    "category": "Maquinillas y recambios",
    "url": "https://tienda.consum.es/es/p/maquinilla-venus-basic-7-mas-3/7398431",
    "price": 4.49,
    "reference_price": 4.49,
    "iva": 21,
    "reference_unit": "1 U",
    "date": "2023-01-17"
  },
  {
    "id": 29353,
    "name": "Maquinilla Desechable Venus 3 Dragonfruit GILLETTE",
    "description": "Maquinilla Desechable Venus 3 Dragonfruit 3 U",
    "category": "Maquinillas y recambios",
    "url": "https://tienda.consum.es/es/p/maquinilla-desechable-venus-3-dragonfruit/7398449",
    "price": 2.99,
    "reference_price": 1,
    "iva": 21,
    "reference_unit": "1 U",
    "date": "2023-01-17"
  },
  {
    "id": 29354,
    "name": "Agua de Colonia POCOYO",
    "description": "Agua de Colonia 150 ml",
    "category": "Infantiles",
    "url": "https://tienda.consum.es/es/p/agua-de-colonia/7398550",
    "price": 4.95,
    "reference_price": 3.3,
    "iva": 21,
    "reference_unit": "100 ml",
    "date": "2023-01-17"
  },
  {
    "id": 29355,
    "name": "Hielo Agua Mineral HIELIUM",
    "description": "Hielo Agua Mineral 1 Kg",
    "category": "Hielo",
    "url": "https://tienda.consum.es/es/p/hielo-agua-mineral/7398600",
    "price": 0.69,
    "reference_price": 0.69,
    "iva": 10,
    "reference_unit": "1 Kg",
    "date": "2023-01-17"
  },
  {
    "id": 29356,
    "name": "Compresa Noche Extra Cottonlike Alas EVAX",
    "description": "Compresa Noche Extra Cottonlike Alas 16 U",
    "category": "Compresas y protegeslips",
    "url": "https://tienda.consum.es/es/p/compresa-noche-extra-cottonlike-alas/7399137",
    "price": 4.91,
    "reference_price": 0.31,
    "iva": 4,
    "reference_unit": "1 U",
    "date": "2023-01-17"
  },
  {
    "id": 29358,
    "name": "Patatas Fritas Receta Original de 1931 VIDAL",
    "description": "Patatas Fritas Receta Original de 1931 150 Gr",
    "category": "Patatas fritas",
    "url": "https://tienda.consum.es/es/p/patatas-fritas-receta-original-de-1931/7399462",
    "price": 1.59,
    "reference_price": 10.6,
    "iva": 10,
    "reference_unit": "1 Kg",
    "date": "2023-01-17"
  },
  {
    "id": 29361,
    "name": "Patatas Jamón Bote PRINGLES",
    "description": "Patatas Jamón Bote 165 Gr",
    "category": "Patatas fritas",
    "url": "https://tienda.consum.es/es/p/patatas-jamon-bote/7400026",
    "price": 2.39,
    "reference_price": 14.48,
    "iva": 10,
    "reference_unit": "1 Kg",
    "date": "2023-01-17"
  },
  {
    "id": 29363,
    "name": "Chorizo de Pamplona Extra GOIKOA",
    "description": "Chorizo de Pamplona Extra",
    "category": "Curado",
    "url": "https://tienda.consum.es/es/p/chorizo-de-pamplona-extra/7400203",
    "price": 11.9,
    "reference_price": 11.9,
    "iva": 10,
    "reference_unit": "1 Kg",
    "date": "2023-01-17"
  },
  {
    "id": 29364,
    "name": "Detergente 75 Lavados Rosa Mosqueta CONSUM",
    "description": "Detergente 75 Lavados Rosa Mosqueta 75 Lv",
    "category": "A máquina líquido",
    "url": "https://tienda.consum.es/es/p/detergente-75-lavados-rosa-mosqueta/7400229",
    "price": 5.99,
    "reference_price": 0.08,
    "iva": 21,
    "reference_unit": "1 Lv",
    "date": "2023-01-17"
  },
  {
    "id": 29365,
    "name": "Detergente Lavanda 75 Lavados CONSUM",
    "description": "Detergente Lavanda 75 Lavados 75 Lv",
    "category": "A máquina líquido",
    "url": "https://tienda.consum.es/es/p/detergente-lavanda-75-lavados/7400232",
    "price": 5.99,
    "reference_price": 0.08,
    "iva": 21,
    "reference_unit": "1 Lv",
    "date": "2023-01-17"
  },
  {
    "id": 29380,
    "name": "Hermético Redondo 550 mL BERASATEGUI",
    "description": "Hermético Redondo 550 mL 1 U",
    "category": "Conservación alimentos",
    "url": "https://tienda.consum.es/es/p/hermetico-redondo-550-ml/7400422",
    "price": 4.95,
    "reference_price": 4.95,
    "iva": 21,
    "reference_unit": "1 U",
    "date": "2023-01-17"
  },
  {
    "id": 29382,
    "name": "Hermético Redondo 2100/2200 mL BERASATEGUI",
    "description": "Hermético Redondo 2100/2200 mL 1 U",
    "category": "Conservación alimentos",
    "url": "https://tienda.consum.es/es/p/hermetico-redondo-2100/2200-ml/7400430",
    "price": 6.99,
    "reference_price": 6.99,
    "iva": 21,
    "reference_unit": "1 U",
    "date": "2023-01-17"
  },
  {
    "id": 29383,
    "name": "Hermético Redondo 3400 mL BERASATEGUI",
    "description": "Hermético Redondo 3400 mL 1 U",
    "category": "Conservación alimentos",
    "url": "https://tienda.consum.es/es/p/hermetico-redondo-3400-ml/7400435",
    "price": 7.79,
    "reference_price": 7.79,
    "iva": 21,
    "reference_unit": "1 U",
    "date": "2023-01-17"
  },
  {
    "id": 29384,
    "name": "Cereales Choco Protein Sin Azúcar ESGIR",
    "description": "Cereales Choco Protein Sin Azúcar 250 Gr",
    "category": "Cereales",
    "url": "https://tienda.consum.es/es/p/cereales-choco-protein-sin-azucar/7400450",
    "price": 2.89,
    "reference_price": 11.56,
    "iva": 10,
    "reference_unit": "1 Kg",
    "date": "2023-01-17"
  },
  {
    "id": 29385,
    "name": "Phoskitos Chocolate Con Filipinos PHOSKITOS",
    "description": "Phoskitos Chocolate Con Filipinos 4 x 28,5 Gr",
    "category": "Bollería industrial",
    "url": "https://tienda.consum.es/es/p/phoskitos-chocolate-con-filipinos/7400468",
    "price": 3.79,
    "reference_price": 33.25,
    "iva": 10,
    "reference_unit": "1 Kg",
    "date": "2023-01-17"
  },
  {
    "id": 29386,
    "name": "Cava Brut D.O. Cava MONTECASINO",
    "description": "Cava Brut D.O. Cava 0,75 L",
    "category": "Cavas y sidras",
    "url": "https://tienda.consum.es/es/p/cava-brut-do-cava/7400471",
    "price": 2.2,
    "reference_price": 2.93,
    "iva": 21,
    "reference_unit": "1 L",
    "date": "2023-01-17"
  },
  {
    "id": 29390,
    "name": "Cava Semi Seco D.O. Cava MONTECASINO",
    "description": "Cava Semi Seco D.O. Cava 200 ml",
    "category": "Cavas y sidras",
    "url": "https://tienda.consum.es/es/p/cava-semi-seco-do-cava/7400575",
    "price": 1.3,
    "reference_price": 6.5,
    "iva": 21,
    "reference_unit": "1 L",
    "date": "2023-01-17"
  },
  {
    "id": 29393,
    "name": "Un Lobo en Escena P.Mañas y D.Sierra DESTINO",
    "description": "Un Lobo en Escena P.Mañas y D.Sierra 1 U",
    "category": "Librería",
    "url": "https://tienda.consum.es/es/p/un-lobo-en-escena-pmanas-y-dsierra/7400745",
    "price": 9.95,
    "reference_price": 9.95,
    "iva": 4,
    "reference_unit": "1 U",
    "date": "2023-01-17"
  },
  {
    "id": 29395,
    "name": "Desodorante Spray Bright Bouquet REXONA",
    "description": "Desodorante Spray Bright Bouquet 200 ml",
    "category": "Spray",
    "url": "https://tienda.consum.es/es/p/desodorante-spray-bright-bouquet/7400773",
    "price": 3.4,
    "reference_price": 1.7,
    "iva": 21,
    "reference_unit": "100 ml",
    "date": "2023-01-17"
  },
  {
    "id": 29396,
    "name": "Desodorante Spray Invisible Aqua REXONA",
    "description": "Desodorante Spray Invisible Aqua 200 ml",
    "category": "Spray",
    "url": "https://tienda.consum.es/es/p/desodorante-spray-invisible-aqua/7400778",
    "price": 3.4,
    "reference_price": 1.7,
    "iva": 21,
    "reference_unit": "100 ml",
    "date": "2023-01-17"
  },
  {
    "id": 29397,
    "name": "Desodorante Spray Invisible Aqua Men REXONA",
    "description": "Desodorante Spray Invisible Aqua Men 200 ml",
    "category": "Spray",
    "url": "https://tienda.consum.es/es/p/desodorante-spray-invisible-aqua-men/7400781",
    "price": 3.4,
    "reference_price": 1.7,
    "iva": 21,
    "reference_unit": "100 ml",
    "date": "2023-01-17"
  },
  {
    "id": 29403,
    "name": "Aceite de Oliva Virgen Extra Arbequina CONSUM",
    "description": "Aceite de Oliva Virgen Extra Arbequina 500 ml",
    "category": "Aceite de oliva virgen y virgen extra",
    "url": "https://tienda.consum.es/es/p/aceite-de-oliva-virgen-extra-arbequina/7395176",
    "price": 4.48,
    "reference_price": 8.96,
    "iva": 5,
    "reference_unit": "1 L",
    "date": "2023-01-17"
  },
  {
    "id": 29404,
    "name": "Máscara Sky High Cosmic MAYBELLINE",
    "description": "Máscara Sky High Cosmic 1 U",
    "category": "Ojos",
    "url": "https://tienda.consum.es/es/p/mascara-sky-high-cosmic/7396323",
    "price": 10.9,
    "reference_price": 10.9,
    "iva": 21,
    "reference_unit": "1 U",
    "date": "2023-01-17"
  },
  {
    "id": 29408,
    "name": "Cápsulas cardo mariano NATURTIERRA",
    "description": "Cápsulas cardo mariano 80 U",
    "category": "Fitoterapia",
    "url": "https://tienda.consum.es/es/p/capsulas-cardo-mariano/7398316",
    "price": 3.99,
    "reference_price": 0.05,
    "iva": 10,
    "reference_unit": "1 U",
    "date": "2023-01-17"
  },
  {
    "id": 29409,
    "name": "Cápsulas Inmuno NATURTIERRA",
    "description": "Cápsulas Inmuno 30 U",
    "category": "Fitoterapia",
    "url": "https://tienda.consum.es/es/p/capsulas-inmuno/7398332",
    "price": 4.99,
    "reference_price": 0.17,
    "iva": 10,
    "reference_unit": "1 U",
    "date": "2023-01-17"
  },
  {
    "id": 29412,
    "name": "Paté Tapa Negra con Guindilla LA PIARA",
    "description": "Paté Tapa Negra con Guindilla 110 Gr",
    "category": "Patés y untables",
    "url": "https://tienda.consum.es/es/p/pate-tapa-negra-con-guindilla/7398753",
    "price": 1.95,
    "reference_price": 17.73,
    "iva": 10,
    "reference_unit": "1 Kg",
    "date": "2023-01-17"
  },
  {
    "id": 29413,
    "name": "Servilletas de Fiesta Piratas GABBIANO",
    "description": "Servilletas de Fiesta Piratas 20 U",
    "category": "Decoración y fiestas",
    "url": "https://tienda.consum.es/es/p/servilletas-de-fiesta-piratas/7398803",
    "price": 1.99,
    "reference_price": 0.1,
    "iva": 21,
    "reference_unit": "1 U",
    "date": "2023-01-17"
  },
  {
    "id": 29420,
    "name": "Servilletas Celebración Sketch GABBIANO",
    "description": "Servilletas Celebración Sketch 20 U",
    "category": "Decoración y fiestas",
    "url": "https://tienda.consum.es/es/p/servilletas-celebracion-sketch/7399231",
    "price": 1.99,
    "reference_price": 0.1,
    "iva": 21,
    "reference_unit": "1 U",
    "date": "2023-01-17"
  },
  {
    "id": 29421,
    "name": "Bebida Energética Watermelon MONSTER",
    "description": "Bebida Energética Watermelon 0,5 L",
    "category": "Energéticas",
    "url": "https://tienda.consum.es/es/p/bebida-energetica-watermelon/7399272",
    "price": 1.58,
    "reference_price": 3.16,
    "iva": 21,
    "reference_unit": "1 L",
    "date": "2023-01-17"
  },
  {
    "id": 29426,
    "name": "Harina Trigo Sarraceno Alforfón NATUR DACSA",
    "description": "Harina Trigo Sarraceno Alforfón 500 Gr",
    "category": "Despensa",
    "url": "https://tienda.consum.es/es/p/harina-trigo-sarraceno-alforfon/7399447",
    "price": 3.25,
    "reference_price": 6.5,
    "iva": 10,
    "reference_unit": "1 Kg",
    "date": "2023-01-17"
  },
  {
    "id": 29431,
    "name": "Refresco Cola Zero Sin Cafeína Pet PEPSI-COLA",
    "description": "Refresco Cola Zero Sin Cafeína Pet 1,75 L",
    "category": "Cola",
    "url": "https://tienda.consum.es/es/p/refresco-cola-zero-sin-cafeina-pet/7399652",
    "price": 1.6,
    "reference_price": 0.91,
    "iva": 21,
    "reference_unit": "1 L",
    "date": "2023-01-17"
  },
  {
    "id": 29432,
    "name": "Chuletas de Conejo CONSUM",
    "description": "Chuletas de Conejo",
    "category": "Aves y conejo",
    "url": "https://tienda.consum.es/es/p/chuletas-de-conejo/7399954",
    "price": 7.98,
    "reference_price": 13.25,
    "iva": 10,
    "reference_unit": "1 Kg",
    "date": "2023-01-17"
  },
  {
    "id": 29433,
    "name": "Costillitas de Conejo CONSUM",
    "description": "Costillitas de Conejo",
    "category": "Aves y conejo",
    "url": "https://tienda.consum.es/es/p/costillitas-de-conejo/7399959",
    "price": 3.38,
    "reference_price": 8.45,
    "iva": 10,
    "reference_unit": "1 Kg",
    "date": "2023-01-17"
  },
  {
    "id": 29436,
    "name": "Pepperoni GOIKOA",
    "description": "Pepperoni 2 x 45 Gr",
    "category": "Curado",
    "url": "https://tienda.consum.es/es/p/pepperoni/7400208",
    "price": 1.95,
    "reference_price": 21.67,
    "iva": 10,
    "reference_unit": "1 Kg",
    "date": "2023-01-17"
  },
  {
    "id": 29443,
    "name": "Desmaquillante Manteca Limpiadora FLOR DE MAYO",
    "description": "Desmaquillante Manteca Limpiadora 1 U",
    "category": "Limpieza y desmaquilladores",
    "url": "https://tienda.consum.es/es/p/desmaquillante-manteca-limpiadora/7400653",
    "price": 6.99,
    "reference_price": 6.99,
    "iva": 21,
    "reference_unit": "1 U",
    "date": "2023-01-17"
  },
  {
    "id": 29446,
    "name": "Desodorante en Talco Pies BABARIA",
    "description": "Desodorante en Talco Pies 100 ml",
    "category": "Desodorantes",
    "url": "https://tienda.consum.es/es/p/desodorante-en-talco-pies/7400898",
    "price": 2.75,
    "reference_price": 2.75,
    "iva": 21,
    "reference_unit": "100 ml",
    "date": "2023-01-17"
  },
  {
    "id": 29447,
    "name": "Chupete Látex 6-18 M Reversible 2 Día-1 Noche TIGEX",
    "description": "Chupete Látex 6-18 M Reversible 2 Día-1 Noche 2 U",
    "category": "Puericultura",
    "url": "https://tienda.consum.es/es/p/chupete-latex-6-18-m-reversible-2-dia-1-noche/7400963",
    "price": 4.95,
    "reference_price": 2.48,
    "iva": 21,
    "reference_unit": "1 U",
    "date": "2023-01-17"
  },
  {
    "id": 29448,
    "name": "Chupete Látex 18-36 M Reversible 2 Día-1 Noche TIGEX",
    "description": "Chupete Látex 18-36 M Reversible 2 Día-1 Noche 3 U",
    "category": "Puericultura",
    "url": "https://tienda.consum.es/es/p/chupete-latex-18-36-m-reversible-2-dia-1-noche/7400968",
    "price": 4.95,
    "reference_price": 1.65,
    "iva": 21,
    "reference_unit": "1 U",
    "date": "2023-01-17"
  },
  {
    "id": 29449,
    "name": "Snack Mini Fuet de Pavo CAMPOFRÍO",
    "description": "Snack Mini Fuet de Pavo 50 Gr",
    "category": "Curado",
    "url": "https://tienda.consum.es/es/p/snack-mini-fuet-de-pavo/7401557",
    "price": 1.25,
    "reference_price": 25,
    "iva": 10,
    "reference_unit": "1 Kg",
    "date": "2023-01-17"
  },
  {
    "id": 29453,
    "name": "Queso Oveja Romero 10 Meses L.Pasteurizada VEGA SOTUELA",
    "description": "Queso Oveja Romero 10 Meses L.Pasteurizada",
    "category": "Quesos Curados",
    "url": "https://tienda.consum.es/es/p/queso-oveja-romero-10-meses-lpasteurizada/7199516",
    "price": 20.1,
    "reference_price": 20.1,
    "iva": 0,
    "reference_unit": "1 Kg",
    "date": "2023-01-17"
  },
  {
    "id": 29454,
    "name": "Gel Infantil Extrasuave CONSUM KIDS",
    "description": "Gel Infantil Extrasuave 750 ml",
    "category": "Gel y champú",
    "url": "https://tienda.consum.es/es/p/gel-infantil-extrasuave/7375699",
    "price": 2.25,
    "reference_price": 0.3,
    "iva": 21,
    "reference_unit": "100 ml",
    "date": "2023-01-17"
  },
  {
    "id": 29455,
    "name": "Agua de Colonia Infantil CONSUM KIDS",
    "description": "Agua de Colonia Infantil 200 ml",
    "category": "Cremas, lociones y colonia",
    "url": "https://tienda.consum.es/es/p/agua-de-colonia-infantil/7375715",
    "price": 1.69,
    "reference_price": 0.85,
    "iva": 21,
    "reference_unit": "100 ml",
    "date": "2023-01-17"
  },
  {
    "id": 29456,
    "name": "Toallitas Íntimas Monodosis KYREY",
    "description": "Toallitas Íntimas Monodosis 20 U",
    "category": "Aseo íntimo",
    "url": "https://tienda.consum.es/es/p/toallitas-intimas-monodosis/7376767",
    "price": 1.8,
    "reference_price": 0.09,
    "iva": 21,
    "reference_unit": "1 U",
    "date": "2023-01-17"
  },
  {
    "id": 29457,
    "name": "Maquinilla Depilación Venus Sugarberry GILLETTE",
    "description": "Maquinilla Depilación Venus Sugarberry 1 U",
    "category": "Maquinillas y recambios",
    "url": "https://tienda.consum.es/es/p/maquinilla-depilacion-venus-sugarberry/7383938",
    "price": 11.49,
    "reference_price": 11.49,
    "iva": 21,
    "reference_unit": "1 U",
    "date": "2023-01-17"
  },
  {
    "id": 29459,
    "name": "Yogur Líquido 00% Mango-Maracuyá CONSUM",
    "description": "Yogur Líquido 00% Mango-Maracuyá 1000 Gr",
    "category": "Yogures líquidos",
    "url": "https://tienda.consum.es/es/p/yogur-liquido-00-mango-maracuya/7391030",
    "price": 1.55,
    "reference_price": 1.55,
    "iva": 10,
    "reference_unit": "1 Kg",
    "date": "2023-01-17"
  },
  {
    "id": 29462,
    "name": "Cargador Venus 5 hojas Sugaeberry GILLETTE",
    "description": "Cargador Venus 5 hojas Sugaeberry 3 U",
    "category": "Maquinillas y recambios",
    "url": "https://tienda.consum.es/es/p/cargador-venus-5-hojas-sugaeberry/7398456",
    "price": 15.19,
    "reference_price": 5.06,
    "iva": 21,
    "reference_unit": "1 U",
    "date": "2023-01-17"
  },
  {
    "id": 29463,
    "name": "Colonia Pura Vida Aguas Esenciales V&L",
    "description": "Colonia Pura Vida Aguas Esenciales 250 ml",
    "category": "Femeninas",
    "url": "https://tienda.consum.es/es/p/colonia-pura-vida-aguas-esenciales/7398931",
    "price": 14.95,
    "reference_price": 5.98,
    "iva": 21,
    "reference_unit": "100 ml",
    "date": "2023-01-17"
  },
  {
    "id": 29464,
    "name": "Colonia Te Quiero Verde Aguas Esenciales V&L",
    "description": "Colonia Te Quiero Verde Aguas Esenciales 250 ml",
    "category": "Femeninas",
    "url": "https://tienda.consum.es/es/p/colonia-te-quiero-verde-aguas-esenciales/7398956",
    "price": 14.95,
    "reference_price": 5.98,
    "iva": 21,
    "reference_unit": "100 ml",
    "date": "2023-01-17"
  },
  {
    "id": 29465,
    "name": "Colonia Dulce Calma Aguas Esenciales V&L",
    "description": "Colonia Dulce Calma Aguas Esenciales 250 ml",
    "category": "Femeninas",
    "url": "https://tienda.consum.es/es/p/colonia-dulce-calma-aguas-esenciales/7398977",
    "price": 14.95,
    "reference_price": 5.98,
    "iva": 21,
    "reference_unit": "100 ml",
    "date": "2023-01-17"
  },
  {
    "id": 29470,
    "name": "Salvado Avena Crujiente Sin Azucares Añadidos ESGIR",
    "description": "Salvado Avena Crujiente Sin Azucares Añadidos 300 Gr",
    "category": "Cereales",
    "url": "https://tienda.consum.es/es/p/salvado-avena-crujiente-sin-azucares-anadidos/7400455",
    "price": 2.49,
    "reference_price": 8.3,
    "iva": 10,
    "reference_unit": "1 Kg",
    "date": "2023-01-17"
  },
  {
    "id": 29471,
    "name": "Cava Brut Nature D.O. Cava MONTECASINO",
    "description": "Cava Brut Nature D.O. Cava 0,75 L",
    "category": "Cavas y sidras",
    "url": "https://tienda.consum.es/es/p/cava-brut-nature-do-cava/7400492",
    "price": 4,
    "reference_price": 5.33,
    "iva": 21,
    "reference_unit": "1 L",
    "date": "2023-01-17"
  },
  {
    "id": 29472,
    "name": "Cava Semi Seco D.O. Cava MONTECASINO",
    "description": "Cava Semi Seco D.O. Cava 0,75 L",
    "category": "Cavas y sidras",
    "url": "https://tienda.consum.es/es/p/cava-semi-seco-do-cava/7400497",
    "price": 2.2,
    "reference_price": 2.93,
    "iva": 21,
    "reference_unit": "1 L",
    "date": "2023-01-17"
  },
  {
    "id": 29473,
    "name": "Cava Rosado D.O. Cava MONTECASINO",
    "description": "Cava Rosado D.O. Cava 0,75 L",
    "category": "Cavas y sidras",
    "url": "https://tienda.consum.es/es/p/cava-rosado-do-cava/7400505",
    "price": 2.5,
    "reference_price": 3.33,
    "iva": 21,
    "reference_unit": "1 L",
    "date": "2023-01-17"
  },
  {
    "id": 29477,
    "name": "Estuche Seducteur Duplo 100+30 PERTEGAZ",
    "description": "Estuche Seducteur Duplo 100+30 1 U",
    "category": "Estuches",
    "url": "https://tienda.consum.es/es/p/estuche-seducteur-duplo-10030/7400799",
    "price": 9.99,
    "reference_price": 9.99,
    "iva": 21,
    "reference_unit": "1 U",
    "date": "2023-01-17"
  },
  {
    "id": 29478,
    "name": "Estuche Barock&Roll Duplo 100+30 HANNIBAL LAG",
    "description": "Estuche Barock&Roll Duplo 100+30 1 U",
    "category": "Estuches",
    "url": "https://tienda.consum.es/es/p/estuche-barockroll-duplo-10030/7400810",
    "price": 9.99,
    "reference_price": 9.99,
    "iva": 21,
    "reference_unit": "1 U",
    "date": "2023-01-17"
  },
  {
    "id": 29479,
    "name": "Estuche Face To Face Duplo 100+Bruma Pelo HANNIBAL LAG",
    "description": "Estuche Face To Face Duplo 100+Bruma Pelo 1 U",
    "category": "Estuches",
    "url": "https://tienda.consum.es/es/p/estuche-face-to-face-duplo-100bruma-pelo/7400823",
    "price": 9.99,
    "reference_price": 9.99,
    "iva": 21,
    "reference_unit": "1 U",
    "date": "2023-01-17"
  },
  {
    "id": 29482,
    "name": "Ginebra LARIOS",
    "description": "Ginebra 0,7 L",
    "category": "Licores y vermouth",
    "url": "https://tienda.consum.es/es/p/ginebra/7401354",
    "price": 8.49,
    "reference_price": 12.13,
    "iva": 21,
    "reference_unit": "1 L",
    "date": "2023-01-17"
  },
  {
    "id": 29483,
    "name": "Papilla Polvo 8 Cereales con Cacao NESTLE",
    "description": "Papilla Polvo 8 Cereales con Cacao 600 Gr",
    "category": "Alimentación infantil",
    "url": "https://tienda.consum.es/es/p/papilla-polvo-8-cereales-con-cacao/7401367",
    "price": 3.8,
    "reference_price": 6.33,
    "iva": 10,
    "reference_unit": "1 Kg",
    "date": "2023-01-17"
  },
  {
    "id": 29484,
    "name": "Peque Galletas Bolsa NESTLE",
    "description": "Peque Galletas Bolsa 180 Gr",
    "category": "Leche crecimiento infantil",
    "url": "https://tienda.consum.es/es/p/peque-galletas-bolsa/7401370",
    "price": 2.49,
    "reference_price": 13.83,
    "iva": 10,
    "reference_unit": "1 Kg",
    "date": "2023-01-17"
  },
  {
    "id": 29486,
    "name": "Tarritos Arroz y Pollo Pack de 2 HERO",
    "description": "Tarritos Arroz y Pollo Pack de 2 2 x 235 Gr",
    "category": "Alimentación infantil",
    "url": "https://tienda.consum.es/es/p/tarritos-arroz-y-pollo-pack-de-2/7401388",
    "price": 2.75,
    "reference_price": 5.85,
    "iva": 10,
    "reference_unit": "1 Kg",
    "date": "2023-01-17"
  },
  {
    "id": 29487,
    "name": "Tarritos Potaje de Alubias con Verduritas Pack de HERO",
    "description": "Tarritos Potaje de Alubias con Verduritas Pack de 2 x 190 Gr",
    "category": "Alimentación infantil",
    "url": "https://tienda.consum.es/es/p/tarritos-potaje-de-alubias-con-verduritas-pack-de/7401391",
    "price": 2.45,
    "reference_price": 6.45,
    "iva": 10,
    "reference_unit": "1 Kg",
    "date": "2023-01-17"
  },
  {
    "id": 29488,
    "name": "Tarrito Menestra Verdura con Ternera y Jamon HERO",
    "description": "Tarrito Menestra Verdura con Ternera y Jamon 2 x 235 Gr",
    "category": "Alimentación infantil",
    "url": "https://tienda.consum.es/es/p/tarrito-menestra-verdura-con-ternera-y-jamon/7401396",
    "price": 2.75,
    "reference_price": 5.85,
    "iva": 10,
    "reference_unit": "1 Kg",
    "date": "2023-01-17"
  },
  {
    "id": 29489,
    "name": "Tarritos Frutas Variadas Pack de 2 HERO",
    "description": "Tarritos Frutas Variadas Pack de 2 2 x 235 Gr",
    "category": "Alimentación infantil",
    "url": "https://tienda.consum.es/es/p/tarritos-frutas-variadas-pack-de-2/7401417",
    "price": 2.55,
    "reference_price": 5.43,
    "iva": 10,
    "reference_unit": "1 Kg",
    "date": "2023-01-17"
  },
  {
    "id": 29490,
    "name": "Tarritos Ternera Arroz Trocitos Pack de 2 HERO",
    "description": "Tarritos Ternera Arroz Trocitos Pack de 2 2 x 235 Gr",
    "category": "Alimentación infantil",
    "url": "https://tienda.consum.es/es/p/tarritos-ternera-arroz-trocitos-pack-de-2/7401425",
    "price": 2.89,
    "reference_price": 6.15,
    "iva": 10,
    "reference_unit": "1 Kg",
    "date": "2023-01-17"
  },
  {
    "id": 29491,
    "name": "Merienda Fruta d Bosque y Galleta Pack de 2 HERO",
    "description": "Merienda Fruta d Bosque y Galleta Pack de 2 2 x 190 Gr",
    "category": "Alimentación infantil",
    "url": "https://tienda.consum.es/es/p/merienda-fruta-d-bosque-y-galleta-pack-de-2/7401461",
    "price": 2.95,
    "reference_price": 7.76,
    "iva": 10,
    "reference_unit": "1 Kg",
    "date": "2023-01-17"
  },
  {
    "id": 29492,
    "name": "Tarritos Verduritas con Merluza Pack de 2 HERO",
    "description": "Tarritos Verduritas con Merluza Pack de 2 2 x 235 Gr",
    "category": "Alimentación infantil",
    "url": "https://tienda.consum.es/es/p/tarritos-verduritas-con-merluza-pack-de-2/7401479",
    "price": 2.75,
    "reference_price": 5.85,
    "iva": 10,
    "reference_unit": "1 Kg",
    "date": "2023-01-17"
  },
  {
    "id": 29493,
    "name": "Pouche Mango Yogurt y Plátano Solo Eco HERO",
    "description": "Pouche Mango Yogurt y Plátano Solo Eco 100 Gr",
    "category": "Alimentación infantil",
    "url": "https://tienda.consum.es/es/p/pouche-mango-yogurt-y-platano-solo-eco/7401487",
    "price": 1.49,
    "reference_price": 14.9,
    "iva": 10,
    "reference_unit": "1 Kg",
    "date": "2023-01-17"
  },
  {
    "id": 29495,
    "name": " Salvaslip Normal Plegado En Bolsitas EVAX",
    "description": " Salvaslip Normal Plegado En Bolsitas 40 U",
    "category": "Compresas y protegeslips",
    "url": "https://tienda.consum.es/es/p/-salvaslip-normal-plegado-en-bolsitas/7401610",
    "price": 1.88,
    "reference_price": 0.05,
    "iva": 4,
    "reference_unit": "1 U",
    "date": "2023-01-17"
  },
  {
    "id": 29500,
    "name": "Gin Fresa Tonic Botella ROSEE",
    "description": "Gin Fresa Tonic Botella 0,33 L",
    "category": "Licores y vermouth",
    "url": "https://tienda.consum.es/es/p/gin-fresa-tonic-botella/7401990",
    "price": 1.59,
    "reference_price": 4.82,
    "iva": 21,
    "reference_unit": "1 L",
    "date": "2023-01-17"
  },
  {
    "id": 29501,
    "name": "Queso Maasdam Tierno M.VICENTE",
    "description": "Queso Maasdam Tierno",
    "category": "Otros quesos importación",
    "url": "https://tienda.consum.es/es/p/queso-maasdam-tierno/7402092",
    "price": 10.48,
    "reference_price": 10.48,
    "iva": 0,
    "reference_unit": "1 Kg",
    "date": "2023-01-17"
  },
  {
    "id": 29502,
    "name": "Queso Mezcla Tierno Castellano GRANJA LUZ",
    "description": "Queso Mezcla Tierno Castellano 1 Kg",
    "category": "Tiernos y light",
    "url": "https://tienda.consum.es/es/p/queso-mezcla-tierno-castellano/7402113",
    "price": 7.16,
    "reference_price": 7.16,
    "iva": 0,
    "reference_unit": "1 Kg",
    "date": "2023-01-17"
  },
  {
    "id": 29508,
    "name": "Crema de Whisky Light BAILEYS",
    "description": "Crema de Whisky Light 0,7 L",
    "category": "Licores y vermouth",
    "url": "https://tienda.consum.es/es/p/crema-de-whisky-light/7402159",
    "price": 14.99,
    "reference_price": 21.41,
    "iva": 21,
    "reference_unit": "1 L",
    "date": "2023-01-17"
  },
  {
    "id": 29509,
    "name": "Lata Perro Grain Free Buey y Zanahorias BEYOND",
    "description": "Lata Perro Grain Free Buey y Zanahorias 400 Gr",
    "category": "Húmedo",
    "url": "https://tienda.consum.es/es/p/lata-perro-grain-free-buey-y-zanahorias/7402295",
    "price": 2.6,
    "reference_price": 6.5,
    "iva": 10,
    "reference_unit": "1 Kg",
    "date": "2023-01-17"
  },
  {
    "id": 29538,
    "name": "Yogur Líquido con Fresa CONSUM",
    "description": "Yogur Líquido con Fresa 1000 Gr",
    "category": "Yogures líquidos",
    "url": "https://tienda.consum.es/es/p/yogur-liquido-con-fresa/7391050",
    "price": 1.55,
    "reference_price": 1.55,
    "iva": 10,
    "reference_unit": "1 Kg",
    "date": "2023-01-17"
  },
  {
    "id": 29539,
    "name": "Tarrina Caramelo Salado CONSUM",
    "description": "Tarrina Caramelo Salado 500 ml",
    "category": "Tarrinas",
    "url": "https://tienda.consum.es/es/p/tarrina-caramelo-salado/7391092",
    "price": 3.29,
    "reference_price": 6.58,
    "iva": 10,
    "reference_unit": "1 L",
    "date": "2023-01-17"
  },
  {
    "id": 29540,
    "name": "Tarrina Cookie dough CONSUM",
    "description": "Tarrina Cookie dough 500 ml",
    "category": "Tarrinas",
    "url": "https://tienda.consum.es/es/p/tarrina-cookie-dough/7391097",
    "price": 3.39,
    "reference_price": 6.78,
    "iva": 10,
    "reference_unit": "1 L",
    "date": "2023-01-17"
  },
  {
    "id": 29541,
    "name": "Yogur Líquido con Frutas del Bosque CONSUM",
    "description": "Yogur Líquido con Frutas del Bosque 1500 Gr",
    "category": "Yogures líquidos",
    "url": "https://tienda.consum.es/es/p/yogur-liquido-con-frutas-del-bosque/7394851",
    "price": 2.2,
    "reference_price": 1.47,
    "iva": 10,
    "reference_unit": "1 Kg",
    "date": "2023-01-17"
  },
  {
    "id": 29543,
    "name": "Yogur Líquido con Fresa-Plátano CONSUM",
    "description": "Yogur Líquido con Fresa-Plátano 1500 Gr",
    "category": "Yogures líquidos",
    "url": "https://tienda.consum.es/es/p/yogur-liquido-con-fresa-platano/7394872",
    "price": 2.2,
    "reference_price": 1.47,
    "iva": 10,
    "reference_unit": "1 Kg",
    "date": "2023-01-17"
  },
  {
    "id": 29544,
    "name": "Laca Uñas Fast Gel 17 Vegana Secado Rápido MAYBELLINE",
    "description": "Laca Uñas Fast Gel 17 Vegana Secado Rápido 1 U",
    "category": "Uñas",
    "url": "https://tienda.consum.es/es/p/laca-unas-fast-gel-17-vegana-secado-rapido/7396047",
    "price": 2.99,
    "reference_price": 2.99,
    "iva": 21,
    "reference_unit": "1 U",
    "date": "2023-01-17"
  },
  {
    "id": 29545,
    "name": "Laca Uñas Fast Gel 13 Vegana Secado Rápido MAYBELLINE",
    "description": "Laca Uñas Fast Gel 13 Vegana Secado Rápido 1 U",
    "category": "Uñas",
    "url": "https://tienda.consum.es/es/p/laca-unas-fast-gel-13-vegana-secado-rapido/7396054",
    "price": 2.99,
    "reference_price": 2.99,
    "iva": 21,
    "reference_unit": "1 U",
    "date": "2023-01-17"
  },
  {
    "id": 29546,
    "name": "Laca Uñas Fast Gel 9 Vegana Secado Rápido MAYBELLINE",
    "description": "Laca Uñas Fast Gel 9 Vegana Secado Rápido 1 U",
    "category": "Uñas",
    "url": "https://tienda.consum.es/es/p/laca-unas-fast-gel-9-vegana-secado-rapido/7396059",
    "price": 2.99,
    "reference_price": 2.99,
    "iva": 21,
    "reference_unit": "1 U",
    "date": "2023-01-17"
  },
  {
    "id": 29547,
    "name": "Laca Uñas Fast Gel Top Coat MAYBELLINE",
    "description": "Laca Uñas Fast Gel Top Coat 1 U",
    "category": "Uñas",
    "url": "https://tienda.consum.es/es/p/laca-unas-fast-gel-top-coat/7396062",
    "price": 2.99,
    "reference_price": 2.99,
    "iva": 21,
    "reference_unit": "1 U",
    "date": "2023-01-17"
  },
  {
    "id": 29548,
    "name": "Laca Uñas Fast Gel 12 Vegana Secado Rápido MAYBELLINE",
    "description": "Laca Uñas Fast Gel 12 Vegana Secado Rápido 1 U",
    "category": "Uñas",
    "url": "https://tienda.consum.es/es/p/laca-unas-fast-gel-12-vegana-secado-rapido/7396067",
    "price": 2.99,
    "reference_price": 2.99,
    "iva": 21,
    "reference_unit": "1 U",
    "date": "2023-01-17"
  },
  {
    "id": 29549,
    "name": "Laca Uñas Fast Gel 4 Vegana Secado Rápido MAYBELLINE",
    "description": "Laca Uñas Fast Gel 4 Vegana Secado Rápido 1 U",
    "category": "Uñas",
    "url": "https://tienda.consum.es/es/p/laca-unas-fast-gel-4-vegana-secado-rapido/7396070",
    "price": 2.99,
    "reference_price": 2.99,
    "iva": 21,
    "reference_unit": "1 U",
    "date": "2023-01-17"
  },
  {
    "id": 29550,
    "name": "Laca Uñas Fast Gel 11 Vegana Secado Rápido MAYBELLINE",
    "description": "Laca Uñas Fast Gel 11 Vegana Secado Rápido 1 U",
    "category": "Uñas",
    "url": "https://tienda.consum.es/es/p/laca-unas-fast-gel-11-vegana-secado-rapido/7396075",
    "price": 2.99,
    "reference_price": 2.99,
    "iva": 21,
    "reference_unit": "1 U",
    "date": "2023-01-17"
  },
  {
    "id": 29552,
    "name": "Laca Uñas Fast Gel 18 Vegana Secado Rápido MAYBELLINE",
    "description": "Laca Uñas Fast Gel 18 Vegana Secado Rápido 1 U",
    "category": "Uñas",
    "url": "https://tienda.consum.es/es/p/laca-unas-fast-gel-18-vegana-secado-rapido/7396088",
    "price": 2.99,
    "reference_price": 2.99,
    "iva": 21,
    "reference_unit": "1 U",
    "date": "2023-01-17"
  },
  {
    "id": 29554,
    "name": "Laca Uñas Fast Gel 10 Vegana Secado Rápido MAYBELLINE",
    "description": "Laca Uñas Fast Gel 10 Vegana Secado Rápido 1 U",
    "category": "Uñas",
    "url": "https://tienda.consum.es/es/p/laca-unas-fast-gel-10-vegana-secado-rapido/7396096",
    "price": 2.99,
    "reference_price": 2.99,
    "iva": 21,
    "reference_unit": "1 U",
    "date": "2023-01-17"
  },
  {
    "id": 29556,
    "name": "Labial Vinyl Nº55 MAYBELLINE",
    "description": "Labial Vinyl Nº55 1 U",
    "category": "Labiales",
    "url": "https://tienda.consum.es/es/p/labial-vinyl-n55/7396166",
    "price": 11.9,
    "reference_price": 11.9,
    "iva": 21,
    "reference_unit": "1 U",
    "date": "2023-01-17"
  },
  {
    "id": 29557,
    "name": "Labial Vinyl Nº50 MAYBELLINE",
    "description": "Labial Vinyl Nº50 1 U",
    "category": "Labiales",
    "url": "https://tienda.consum.es/es/p/labial-vinyl-n50/7396174",
    "price": 11.9,
    "reference_price": 11.9,
    "iva": 21,
    "reference_unit": "1 U",
    "date": "2023-01-17"
  },
  {
    "id": 29558,
    "name": "Labial Vinyl Nº15 MAYBELLINE",
    "description": "Labial Vinyl Nº15 1 U",
    "category": "Labiales",
    "url": "https://tienda.consum.es/es/p/labial-vinyl-n15/7396182",
    "price": 11.9,
    "reference_price": 11.9,
    "iva": 21,
    "reference_unit": "1 U",
    "date": "2023-01-17"
  },
  {
    "id": 29559,
    "name": "Labial Vinyl Nº25 MAYBELLINE",
    "description": "Labial Vinyl Nº25 1 U",
    "category": "Labiales",
    "url": "https://tienda.consum.es/es/p/labial-vinyl-n25/7396299",
    "price": 11.9,
    "reference_price": 11.9,
    "iva": 21,
    "reference_unit": "1 U",
    "date": "2023-01-17"
  },
  {
    "id": 29560,
    "name": "Labial Vinyl Nº10 MAYBELLINE",
    "description": "Labial Vinyl Nº10 1 U",
    "category": "Labiales",
    "url": "https://tienda.consum.es/es/p/labial-vinyl-n10/7396307",
    "price": 11.9,
    "reference_price": 11.9,
    "iva": 21,
    "reference_unit": "1 U",
    "date": "2023-01-17"
  },
  {
    "id": 29561,
    "name": "Labial Vinyl Nº20 MAYBELLINE",
    "description": "Labial Vinyl Nº20 1 U",
    "category": "Labiales",
    "url": "https://tienda.consum.es/es/p/labial-vinyl-n20/7396310",
    "price": 11.9,
    "reference_price": 11.9,
    "iva": 21,
    "reference_unit": "1 U",
    "date": "2023-01-17"
  },
  {
    "id": 29562,
    "name": "Insecticida Voladores Limón EBOGÓN",
    "description": "Insecticida Voladores Limón 750 ml",
    "category": "Spray voladores",
    "url": "https://tienda.consum.es/es/p/insecticida-voladores-limon/7396869",
    "price": 2.2,
    "reference_price": 0.29,
    "iva": 21,
    "reference_unit": "100 ml",
    "date": "2023-01-17"
  },
  {
    "id": 29563,
    "name": "Insecticida Voladores Sin Olor EBOGÓN",
    "description": "Insecticida Voladores Sin Olor 750 ml",
    "category": "Spray voladores",
    "url": "https://tienda.consum.es/es/p/insecticida-voladores-sin-olor/7396872",
    "price": 2.2,
    "reference_price": 0.29,
    "iva": 21,
    "reference_unit": "100 ml",
    "date": "2023-01-17"
  },
  {
    "id": 29564,
    "name": "Insecticidas Cucarachas EBOGÓN",
    "description": "Insecticidas Cucarachas 0,4 L",
    "category": "Anti hormigas y cucarachicidas",
    "url": "https://tienda.consum.es/es/p/insecticidas-cucarachas/7396877",
    "price": 2.1,
    "reference_price": 5.25,
    "iva": 21,
    "reference_unit": "1 L",
    "date": "2023-01-17"
  },
  {
    "id": 29566,
    "name": "Yogur Líquido 00% con Fresa CONSUM",
    "description": "Yogur Líquido 00% con Fresa 1000 Gr",
    "category": "Yogures líquidos",
    "url": "https://tienda.consum.es/es/p/yogur-liquido-00-con-fresa/7397669",
    "price": 1.55,
    "reference_price": 1.55,
    "iva": 10,
    "reference_unit": "1 Kg",
    "date": "2023-01-17"
  },
  {
    "id": 29569,
    "name": "Queso Iberico Viejo Leche Cruda Cuña LACT.VICENTE",
    "description": "Queso Iberico Viejo Leche Cruda Cuña 250 Gr",
    "category": "Quesos Curados",
    "url": "https://tienda.consum.es/es/p/queso-iberico-viejo-leche-cruda-cuna/7399223",
    "price": 3.99,
    "reference_price": 15.96,
    "iva": 0,
    "reference_unit": "1 Kg",
    "date": "2023-01-17"
  },
  {
    "id": 29570,
    "name": "Recambio Airwick Duplo F.Matic W.Buquet AIRWICK",
    "description": "Recambio Airwick Duplo F.Matic W.Buquet 1 U",
    "category": "Eléctricos y automáticos",
    "url": "https://tienda.consum.es/es/p/recambio-airwick-duplo-fmatic-wbuquet/7399975",
    "price": 9.99,
    "reference_price": 9.99,
    "iva": 21,
    "reference_unit": "1 U",
    "date": "2023-01-17"
  },
  {
    "id": 29571,
    "name": "Champú Keratin SYOSS",
    "description": "Champú Keratin 440 ml",
    "category": "Champú",
    "url": "https://tienda.consum.es/es/p/champu-keratin/7400328",
    "price": 3.89,
    "reference_price": 0.88,
    "iva": 21,
    "reference_unit": "100 ml",
    "date": "2023-01-17"
  },
  {
    "id": 29572,
    "name": "Pulidor Uñas 4 Fases PONETTE",
    "description": "Pulidor Uñas 4 Fases 1 U",
    "category": "Manicura y pedicura",
    "url": "https://tienda.consum.es/es/p/pulidor-unas-4-fases/7400567",
    "price": 1.6,
    "reference_price": 1.6,
    "iva": 21,
    "reference_unit": "1 U",
    "date": "2023-01-17"
  },
  {
    "id": 29574,
    "name": "Yogur Griego Oikos con Mango y Maracuyá DANONE",
    "description": "Yogur Griego Oikos con Mango y Maracuyá 2 x 110 Gr",
    "category": "Cremosos y enriquecidos",
    "url": "https://tienda.consum.es/es/p/yogur-griego-oikos-con-mango-y-maracuya/7400666",
    "price": 1.69,
    "reference_price": 7.68,
    "iva": 10,
    "reference_unit": "1 Kg",
    "date": "2023-01-17"
  },
  {
    "id": 29575,
    "name": "Yogur Griego Oikos con Coco DANONE",
    "description": "Yogur Griego Oikos con Coco 4 x 110 Gr",
    "category": "Cremosos y enriquecidos",
    "url": "https://tienda.consum.es/es/p/yogur-griego-oikos-con-coco/7400674",
    "price": 2.69,
    "reference_price": 6.11,
    "iva": 10,
    "reference_unit": "1 Kg",
    "date": "2023-01-17"
  },
  {
    "id": 29576,
    "name": "Turbante Toalla Microfibra PONETTE",
    "description": "Turbante Toalla Microfibra 1 U",
    "category": "Accesorios y complementos",
    "url": "https://tienda.consum.es/es/p/turbante-toalla-microfibra/7400732",
    "price": 2.7,
    "reference_price": 2.7,
    "iva": 21,
    "reference_unit": "1 U",
    "date": "2023-01-17"
  },
  {
    "id": 29577,
    "name": "Cerveza All Day IPA Lata FOUNDERS",
    "description": "Cerveza All Day IPA Lata 0,33 L",
    "category": "Especialidades",
    "url": "https://tienda.consum.es/es/p/cerveza-all-day-ipa-lata/7400836",
    "price": 1.65,
    "reference_price": 5,
    "iva": 21,
    "reference_unit": "1 L",
    "date": "2023-01-17"
  },
  {
    "id": 29579,
    "name": "Ambientador Aéreo Pure Nenuco AIRWICK",
    "description": "Ambientador Aéreo Pure Nenuco 250 ml",
    "category": "Aerosol spray o pistola",
    "url": "https://tienda.consum.es/es/p/ambientador-aereo-pure-nenuco/7400948",
    "price": 5.49,
    "reference_price": 21.96,
    "iva": 21,
    "reference_unit": "1 L",
    "date": "2023-01-17"
  },
  {
    "id": 29580,
    "name": "Galleta Ositos Chocolate CHIQUILIN",
    "description": "Galleta Ositos Chocolate 395 Gr",
    "category": "Galletas de chocolate",
    "url": "https://tienda.consum.es/es/p/galleta-ositos-chocolate/7401359",
    "price": 4.39,
    "reference_price": 11.11,
    "iva": 10,
    "reference_unit": "1 Kg",
    "date": "2023-01-17"
  },
  {
    "id": 29587,
    "name": "Queso Añejo Intenso Grand 62 G.BAQUERO",
    "description": "Queso Añejo Intenso Grand 62",
    "category": "Quesos Curados",
    "url": "https://tienda.consum.es/es/p/queso-anejo-intenso-grand-62/7401938",
    "price": 19.13,
    "reference_price": 19.13,
    "iva": 0,
    "reference_unit": "1 Kg",
    "date": "2023-01-17"
  },
  {
    "id": 29588,
    "name": "Queso Gruyère France IGP ENTREMONT",
    "description": "Queso Gruyère France IGP 200 Gr",
    "category": "Bola, edam, gouda, maasdam",
    "url": "https://tienda.consum.es/es/p/queso-gruyere-france-igp/7402001",
    "price": 2.78,
    "reference_price": 13.9,
    "iva": 0,
    "reference_unit": "1 Kg",
    "date": "2023-01-17"
  },
  {
    "id": 29590,
    "name": "Espejo 10 Aumentos PONETTE",
    "description": "Espejo 10 Aumentos 1 U",
    "category": "Accesorios y complementos",
    "url": "https://tienda.consum.es/es/p/espejo-10-aumentos/7402105",
    "price": 2.95,
    "reference_price": 2.95,
    "iva": 21,
    "reference_unit": "1 U",
    "date": "2023-01-17"
  },
  {
    "id": 29593,
    "name": "Comida Gatos Nature Buey sin Cereales ULTIMA",
    "description": "Comida Gatos Nature Buey sin Cereales 1,1 Kg",
    "category": "Seco",
    "url": "https://tienda.consum.es/es/p/comida-gatos-nature-buey-sin-cereales/7402279",
    "price": 11,
    "reference_price": 10,
    "iva": 10,
    "reference_unit": "1 Kg",
    "date": "2023-01-17"
  },
  {
    "id": 29594,
    "name": "Suavizante Caricias 60 Lavados MIMOSIN",
    "description": "Suavizante Caricias 60 Lavados 60 Lv",
    "category": "Suavizante",
    "url": "https://tienda.consum.es/es/p/suavizante-caricias-60-lavados/7402282",
    "price": 3.24,
    "reference_price": 0.05,
    "iva": 21,
    "reference_unit": "1 Lv",
    "date": "2023-01-17"
  },
  {
    "id": 29595,
    "name": "Suavizante Moussel 60 Lavados MIMOSIN",
    "description": "Suavizante Moussel 60 Lavados 60 Lv",
    "category": "Suavizante",
    "url": "https://tienda.consum.es/es/p/suavizante-moussel-60-lavados/7402352",
    "price": 3.24,
    "reference_price": 0.05,
    "iva": 21,
    "reference_unit": "1 Lv",
    "date": "2023-01-17"
  },
  {
    "id": 29596,
    "name": "Suavizante Azul Vital 60 Lavados MIMOSIN",
    "description": "Suavizante Azul Vital 60 Lavados 60 Lv",
    "category": "Suavizante",
    "url": "https://tienda.consum.es/es/p/suavizante-azul-vital-60-lavados/7402365",
    "price": 3.24,
    "reference_price": 0.05,
    "iva": 21,
    "reference_unit": "1 Lv",
    "date": "2023-01-17"
  },
  {
    "id": 29597,
    "name": "Hogaza Rebanada 100% Natural ",
    "description": "Hogaza Rebanada 100% Natural 510 Gr",
    "category": "Pan de molde y rebanado",
    "url": "https://tienda.consum.es/es/p/hogaza-rebanada-100-natural/7402550",
    "price": 1.59,
    "reference_price": 3.12,
    "iva": 10,
    "reference_unit": "1 Kg",
    "date": "2023-01-17"
  },
  {
    "id": 29598,
    "name": "Codillo TELLO",
    "description": "Codillo 700 Gr",
    "category": "De carne o pescado",
    "url": "https://tienda.consum.es/es/p/codillo/7402568",
    "price": 5.99,
    "reference_price": 8.56,
    "iva": 10,
    "reference_unit": "1 Kg",
    "date": "2023-01-17"
  },
  {
    "id": 29599,
    "name": "Pincho Andaluz de Cerdo ROLER",
    "description": "Pincho Andaluz de Cerdo",
    "category": "Cerdo",
    "url": "https://tienda.consum.es/es/p/pincho-andaluz-de-cerdo/7402584",
    "price": 3.27,
    "reference_price": 10.9,
    "iva": 10,
    "reference_unit": "1 Kg",
    "date": "2023-01-17"
  },
  {
    "id": 29600,
    "name": "Chuleta de Pavo CONSUM",
    "description": "Chuleta de Pavo",
    "category": "Aves y conejo",
    "url": "https://tienda.consum.es/es/p/chuleta-de-pavo/7402803",
    "price": 4.94,
    "reference_price": 8.2,
    "iva": 10,
    "reference_unit": "1 Kg",
    "date": "2023-01-17"
  },
  {
    "id": 29601,
    "name": "Fideos Sabor India Bolsa MAGGI",
    "description": "Fideos Sabor India Bolsa 120 Gr",
    "category": "Preparados en sobre",
    "url": "https://tienda.consum.es/es/p/fideos-sabor-india-bolsa/7402944",
    "price": 1.65,
    "reference_price": 13.75,
    "iva": 10,
    "reference_unit": "1 Kg",
    "date": "2023-01-17"
  },
  {
    "id": 29602,
    "name": "Alubias a la Vasca Bote LITORAL",
    "description": "Alubias a la Vasca Bote 430 Gr",
    "category": "Conservas",
    "url": "https://tienda.consum.es/es/p/alubias-a-la-vasca-bote/7402949",
    "price": 2.25,
    "reference_price": 5.23,
    "iva": 10,
    "reference_unit": "1 Kg",
    "date": "2023-01-17"
  },
  {
    "id": 29603,
    "name": "Garbanzos con Espinacas LITORAL",
    "description": "Garbanzos con Espinacas 425 Gr",
    "category": "Despensa",
    "url": "https://tienda.consum.es/es/p/garbanzos-con-espinacas/7402951",
    "price": 2.09,
    "reference_price": 4.92,
    "iva": 10,
    "reference_unit": "1 Kg",
    "date": "2023-01-17"
  },
  {
    "id": 29607,
    "name": "Gel Íntimo KYREY",
    "description": "Gel Íntimo 500 ml",
    "category": "Aseo íntimo",
    "url": "https://tienda.consum.es/es/p/gel-intimo/7387509",
    "price": 1.3,
    "reference_price": 0.26,
    "iva": 21,
    "reference_unit": "100 ml",
    "date": "2023-01-17"
  },
  {
    "id": 29608,
    "name": "Yogur Líquido con Piña-Coco CONSUM",
    "description": "Yogur Líquido con Piña-Coco 1000 Gr",
    "category": "Yogures líquidos",
    "url": "https://tienda.consum.es/es/p/yogur-liquido-con-pina-coco/7391048",
    "price": 1.55,
    "reference_price": 1.55,
    "iva": 10,
    "reference_unit": "1 Kg",
    "date": "2023-01-17"
  },
  {
    "id": 29609,
    "name": "Pistachos Tostados Paquete CONSUM",
    "description": "Pistachos Tostados Paquete 300 Gr",
    "category": "Otros frutos secos",
    "url": "https://tienda.consum.es/es/p/pistachos-tostados-paquete/7392066",
    "price": 3.99,
    "reference_price": 13.3,
    "iva": 10,
    "reference_unit": "1 Kg",
    "date": "2023-01-17"
  },
  {
    "id": 29610,
    "name": "Eyeliner Gel Infalible Verde L'OREAL",
    "description": "Eyeliner Gel Infalible Verde 1 U",
    "category": "Ojos",
    "url": "https://tienda.consum.es/es/p/eyeliner-gel-infalible-verde/7396344",
    "price": 9.29,
    "reference_price": 9.29,
    "iva": 21,
    "reference_unit": "1 U",
    "date": "2023-01-17"
  },
  {
    "id": 29611,
    "name": "Eyeliner Gel Infalible Turquesa L'OREAL",
    "description": "Eyeliner Gel Infalible Turquesa 1 U",
    "category": "Ojos",
    "url": "https://tienda.consum.es/es/p/eyeliner-gel-infalible-turquesa/7396349",
    "price": 9.29,
    "reference_price": 9.29,
    "iva": 21,
    "reference_unit": "1 U",
    "date": "2023-01-17"
  },
  {
    "id": 29612,
    "name": "Eyeliner Gel Infalible Azul L'OREAL",
    "description": "Eyeliner Gel Infalible Azul 1 U",
    "category": "Ojos",
    "url": "https://tienda.consum.es/es/p/eyeliner-gel-infalible-azul/7396351",
    "price": 9.29,
    "reference_price": 9.29,
    "iva": 21,
    "reference_unit": "1 U",
    "date": "2023-01-17"
  },
  {
    "id": 29613,
    "name": "Eyeliner Gel Infalible Marrón L'OREAL",
    "description": "Eyeliner Gel Infalible Marrón 1 U",
    "category": "Ojos",
    "url": "https://tienda.consum.es/es/p/eyeliner-gel-infalible-marron/7396356",
    "price": 9.29,
    "reference_price": 9.29,
    "iva": 21,
    "reference_unit": "1 U",
    "date": "2023-01-17"
  },
  {
    "id": 29614,
    "name": "Eyeliner Gel Infalible Gris L'OREAL",
    "description": "Eyeliner Gel Infalible Gris 1 U",
    "category": "Ojos",
    "url": "https://tienda.consum.es/es/p/eyeliner-gel-infalible-gris/7396364",
    "price": 9.29,
    "reference_price": 9.29,
    "iva": 21,
    "reference_unit": "1 U",
    "date": "2023-01-17"
  },
  {
    "id": 29616,
    "name": "Patata Rellena Jamon y Queso congelada LA CULINARIA",
    "description": "Patata Rellena Jamon y Queso congelada 160 Gr",
    "category": "Carne, verduras y otros",
    "url": "https://tienda.consum.es/es/p/patata-rellena-jamon-y-queso-congelada/7400211",
    "price": 1.79,
    "reference_price": 11.19,
    "iva": 10,
    "reference_unit": "1 Kg",
    "date": "2023-01-17"
  },
  {
    "id": 29621,
    "name": "Espetec Extra CAN DURAN",
    "description": "Espetec Extra 150 Gr",
    "category": "Curado",
    "url": "https://tienda.consum.es/es/p/espetec-extra/7401560",
    "price": 2.19,
    "reference_price": 14.6,
    "iva": 10,
    "reference_unit": "1 Kg",
    "date": "2023-01-17"
  },
  {
    "id": 29623,
    "name": "Patatas Churrería Bolsa FRITOPER",
    "description": "Patatas Churrería Bolsa 150 Gr",
    "category": "Patatas fritas",
    "url": "https://tienda.consum.es/es/p/patatas-churreria-bolsa/7401714",
    "price": 1.49,
    "reference_price": 9.93,
    "iva": 10,
    "reference_unit": "1 Kg",
    "date": "2023-01-17"
  },
  {
    "id": 29625,
    "name": "Queso Havarti Barra Tierno M.VICENTE",
    "description": "Queso Havarti Barra Tierno",
    "category": "Barra y otros nacionales",
    "url": "https://tienda.consum.es/es/p/queso-havarti-barra-tierno/7402050",
    "price": 12.4,
    "reference_price": 12.4,
    "iva": 0,
    "reference_unit": "1 Kg",
    "date": "2023-01-17"
  },
  {
    "id": 29626,
    "name": "Arroz al Horno Preparado a Leña EL PAELLER",
    "description": "Arroz al Horno Preparado a Leña 825 Gr",
    "category": "Conservas",
    "url": "https://tienda.consum.es/es/p/arroz-al-horno-preparado-a-lena/7402162",
    "price": 8.99,
    "reference_price": 10.9,
    "iva": 10,
    "reference_unit": "1 Kg",
    "date": "2023-01-17"
  },
  {
    "id": 29627,
    "name": "Arroz Salmon y Aguacate congelado CONSUM",
    "description": "Arroz Salmon y Aguacate congelado 324 Gr",
    "category": "Carne, verduras y otros",
    "url": "https://tienda.consum.es/es/p/arroz-salmon-y-aguacate-congelado/7402576",
    "price": 2.85,
    "reference_price": 8.8,
    "iva": 10,
    "reference_unit": "1 Kg",
    "date": "2023-01-17"
  },
  {
    "id": 29629,
    "name": "Pack de Tealights Vainilla AROMATIUM",
    "description": "Pack de Tealights Vainilla 18 U",
    "category": "Velas",
    "url": "https://tienda.consum.es/es/p/pack-de-tealights-vainilla/7402600",
    "price": 1.75,
    "reference_price": 0.1,
    "iva": 21,
    "reference_unit": "1 U",
    "date": "2023-01-17"
  },
  {
    "id": 29630,
    "name": "Pack de Tealights Jazmín AROMATIUM",
    "description": "Pack de Tealights Jazmín 18 U",
    "category": "Velas",
    "url": "https://tienda.consum.es/es/p/pack-de-tealights-jazmin/7402605",
    "price": 1.75,
    "reference_price": 0.1,
    "iva": 21,
    "reference_unit": "1 U",
    "date": "2023-01-17"
  },
  {
    "id": 29631,
    "name": "Pack de Tealights 4 Horas LUMINUM",
    "description": "Pack de Tealights 4 Horas 30 U",
    "category": "Velas",
    "url": "https://tienda.consum.es/es/p/pack-de-tealights-4-horas/7402613",
    "price": 4.69,
    "reference_price": 0.16,
    "iva": 21,
    "reference_unit": "1 U",
    "date": "2023-01-17"
  },
  {
    "id": 29632,
    "name": "Pack Velas Cilíndricas Color Blanco LUMINUM",
    "description": "Pack Velas Cilíndricas Color Blanco 4 U",
    "category": "Velas",
    "url": "https://tienda.consum.es/es/p/pack-velas-cilindricas-color-blanco/7402618",
    "price": 1.65,
    "reference_price": 0.41,
    "iva": 21,
    "reference_unit": "1 U",
    "date": "2023-01-17"
  },
  {
    "id": 29633,
    "name": "Pack Velón Pequeño Color Rojo LUMINUM",
    "description": "Pack Velón Pequeño Color Rojo 3 U",
    "category": "Velas",
    "url": "https://tienda.consum.es/es/p/pack-velon-pequeno-color-rojo/7402621",
    "price": 0.99,
    "reference_price": 0.33,
    "iva": 21,
    "reference_unit": "1 U",
    "date": "2023-01-17"
  },
  {
    "id": 29634,
    "name": "Vino Blanco Verdejo D.O. Rueda CUATRO RAYAS",
    "description": "Vino Blanco Verdejo D.O. Rueda 0,75 L",
    "category": "Vinos d.o",
    "url": "https://tienda.consum.es/es/p/vino-blanco-verdejo-do-rueda/7402647",
    "price": 5.29,
    "reference_price": 7.05,
    "iva": 21,
    "reference_unit": "1 L",
    "date": "2023-01-17"
  },
  {
    "id": 29636,
    "name": "Gel Biomeprotect Micellar Equilibrante SANEX",
    "description": "Gel Biomeprotect Micellar Equilibrante 550 ml",
    "category": "Gel de baño",
    "url": "https://tienda.consum.es/es/p/gel-biomeprotect-micellar-equilibrante/7402712",
    "price": 3.65,
    "reference_price": 0.66,
    "iva": 21,
    "reference_unit": "100 ml",
    "date": "2023-01-17"
  },
  {
    "id": 29637,
    "name": "Gel Biomeprotect Dermo Pro Hydrate SANEX",
    "description": "Gel Biomeprotect Dermo Pro Hydrate 550 ml",
    "category": "Gel de baño",
    "url": "https://tienda.consum.es/es/p/gel-biomeprotect-dermo-pro-hydrate/7402717",
    "price": 3.65,
    "reference_price": 0.66,
    "iva": 21,
    "reference_unit": "100 ml",
    "date": "2023-01-17"
  },
  {
    "id": 29638,
    "name": "Gel Dermoprotector SANEX",
    "description": "Gel Dermoprotector 850 ml",
    "category": "Gel de baño",
    "url": "https://tienda.consum.es/es/p/gel-dermoprotector/7402720",
    "price": 4.5,
    "reference_price": 0.53,
    "iva": 21,
    "reference_unit": "100 ml",
    "date": "2023-01-17"
  },
  {
    "id": 29639,
    "name": "Gel Advance Atopiderm SANEX",
    "description": "Gel Advance Atopiderm 550 ml",
    "category": "Gel de baño",
    "url": "https://tienda.consum.es/es/p/gel-advance-atopiderm/7402779",
    "price": 3.99,
    "reference_price": 0.73,
    "iva": 21,
    "reference_unit": "100 ml",
    "date": "2023-01-17"
  },
  {
    "id": 29640,
    "name": "Gel Zero SANEX",
    "description": "Gel Zero 550 ml",
    "category": "Gel de baño",
    "url": "https://tienda.consum.es/es/p/gel-zero/7402787",
    "price": 3.65,
    "reference_price": 0.66,
    "iva": 21,
    "reference_unit": "100 ml",
    "date": "2023-01-17"
  },
  {
    "id": 29641,
    "name": "Fideos Orientales Sabor Pollo MAGGI",
    "description": "Fideos Orientales Sabor Pollo 120 Gr",
    "category": "Preparados en sobre",
    "url": "https://tienda.consum.es/es/p/fideos-orientales-sabor-pollo/7402790",
    "price": 1.65,
    "reference_price": 13.75,
    "iva": 10,
    "reference_unit": "1 Kg",
    "date": "2023-01-17"
  },
  {
    "id": 29644,
    "name": "Molde Desechable para Trufa de Chocolate ",
    "description": "Molde Desechable para Trufa de Chocolate 100 U",
    "category": "Moldes y recipientes",
    "url": "https://tienda.consum.es/es/p/molde-desechable-para-trufa-de-chocolate/7403004",
    "price": 2.19,
    "reference_price": 0.02,
    "iva": 21,
    "reference_unit": "1 U",
    "date": "2023-01-17"
  },
  {
    "id": 29648,
    "name": "Whisky Scotch 10 Años BALLANTINES",
    "description": "Whisky Scotch 10 Años 0,7 L",
    "category": "Licores y vermouth",
    "url": "https://tienda.consum.es/es/p/whisky-scotch-10-anos/7403038",
    "price": 19.85,
    "reference_price": 28.36,
    "iva": 21,
    "reference_unit": "1 L",
    "date": "2023-01-17"
  },
  {
    "id": 29652,
    "name": "Ras El Hanout DUCROS",
    "description": "Ras El Hanout 38 Gr",
    "category": "Sazonadores",
    "url": "https://tienda.consum.es/es/p/ras-el-hanout/7403066",
    "price": 2.15,
    "reference_price": 5.66,
    "iva": 10,
    "reference_unit": "100 Gr",
    "date": "2023-01-17"
  },
  {
    "id": 29696,
    "name": "Roma Soy Yo Santiago Posteguillo EDICIONES B",
    "description": "Roma Soy Yo Santiago Posteguillo 1 U",
    "category": "Librería",
    "url": "https://tienda.consum.es/es/p/roma-soy-yo-santiago-posteguillo/7398352",
    "price": 23.9,
    "reference_price": 23.9,
    "iva": 4,
    "reference_unit": "1 U",
    "date": "2023-01-17"
  },
  {
    "id": 29697,
    "name": "La Isla del Tesoro Robert L. Stevenson LOQUELEO",
    "description": "La Isla del Tesoro Robert L. Stevenson 1 U",
    "category": "Librería",
    "url": "https://tienda.consum.es/es/p/la-isla-del-tesoro-robert-l-stevenson/7403236",
    "price": 12.5,
    "reference_price": 12.5,
    "iva": 4,
    "reference_unit": "1 U",
    "date": "2023-01-17"
  },
  {
    "id": 29698,
    "name": "Más Oscuro que la Noch Michael Connelly ALIANZA",
    "description": "Más Oscuro que la Noch Michael Connelly 1 U",
    "category": "Librería",
    "url": "https://tienda.consum.es/es/p/mas-oscuro-que-la-noch-michael-connelly/7403249",
    "price": 9.95,
    "reference_price": 9.95,
    "iva": 4,
    "reference_unit": "1 U",
    "date": "2023-01-17"
  },
  {
    "id": 29700,
    "name": "Entre los Muertos Mikel Santiago ED.B",
    "description": "Entre los Muertos Mikel Santiago 1 U",
    "category": "Librería",
    "url": "https://tienda.consum.es/es/p/entre-los-muertos-mikel-santiago/7403269",
    "price": 20.9,
    "reference_price": 20.9,
    "iva": 4,
    "reference_unit": "1 U",
    "date": "2023-01-17"
  },
  {
    "id": 29701,
    "name": "Yogur Líquido Melocotón-Maracuyá CONSUM",
    "description": "Yogur Líquido Melocotón-Maracuyá 1000 Gr",
    "category": "Yogures líquidos",
    "url": "https://tienda.consum.es/es/p/yogur-liquido-melocoton-maracuya/7391055",
    "price": 1.55,
    "reference_price": 1.55,
    "iva": 10,
    "reference_unit": "1 Kg",
    "date": "2023-01-17"
  },
  {
    "id": 29702,
    "name": "Yogur Líquido con Fresa-Plátano CONSUM",
    "description": "Yogur Líquido con Fresa-Plátano 1000 Gr",
    "category": "Yogures líquidos",
    "url": "https://tienda.consum.es/es/p/yogur-liquido-con-fresa-platano/7391063",
    "price": 1.55,
    "reference_price": 1.55,
    "iva": 10,
    "reference_unit": "1 Kg",
    "date": "2023-01-17"
  },
  {
    "id": 29704,
    "name": "Cóctel Ensalada Crudo Doypack CONSUM",
    "description": "Cóctel Ensalada Crudo Doypack 150 Gr",
    "category": "Otros frutos secos",
    "url": "https://tienda.consum.es/es/p/coctel-ensalada-crudo-doypack/7397909",
    "price": 1.75,
    "reference_price": 11.67,
    "iva": 10,
    "reference_unit": "1 Kg",
    "date": "2023-01-17"
  },
  {
    "id": 29709,
    "name": "Higiénico Doble Capa Original SCOTTEX",
    "description": "Higiénico Doble Capa Original 12 U",
    "category": "Papel higiénico",
    "url": "https://tienda.consum.es/es/p/higienico-doble-capa-original/7400856",
    "price": 4.49,
    "reference_price": 0.37,
    "iva": 21,
    "reference_unit": "1 U",
    "date": "2023-01-17"
  },
  {
    "id": 29710,
    "name": "Recambio Maquinilla Depilación Swirl Deluxe VENUS",
    "description": "Recambio Maquinilla Depilación Swirl Deluxe 3 U",
    "category": "Maquinillas y recambios",
    "url": "https://tienda.consum.es/es/p/recambio-maquinilla-depilacion-swirl-deluxe/7401248",
    "price": 13.99,
    "reference_price": 4.66,
    "iva": 21,
    "reference_unit": "1 U",
    "date": "2023-01-17"
  },
  {
    "id": 29711,
    "name": "Maquinilla Desechable Sensor 3 Cool GILLETTE",
    "description": "Maquinilla Desechable Sensor 3 Cool 4 U",
    "category": "Maquinillas de afeitar",
    "url": "https://tienda.consum.es/es/p/maquinilla-desechable-sensor-3-cool/7401255",
    "price": 4.99,
    "reference_price": 1.25,
    "iva": 21,
    "reference_unit": "1 U",
    "date": "2023-01-17"
  },
  {
    "id": 29712,
    "name": "Queso Edam Barra M.VICENTE",
    "description": "Queso Edam Barra",
    "category": "Barra y otros nacionales",
    "url": "https://tienda.consum.es/es/p/queso-edam-barra/7402089",
    "price": 11.44,
    "reference_price": 11.44,
    "iva": 0,
    "reference_unit": "1 Kg",
    "date": "2023-01-17"
  },
  {
    "id": 29713,
    "name": "Queso Mezcla Curado Castellano GRANJA LUZ",
    "description": "Queso Mezcla Curado Castellano 900 Gr",
    "category": "Quesos Curados",
    "url": "https://tienda.consum.es/es/p/queso-mezcla-curado-castellano/7402121",
    "price": 9.09,
    "reference_price": 10.1,
    "iva": 0,
    "reference_unit": "1 Kg",
    "date": "2023-01-17"
  },
  {
    "id": 29714,
    "name": "MisterCorn Cocktail Deluxe MISTERCORN",
    "description": "MisterCorn Cocktail Deluxe 140 Gr",
    "category": "Maíz tostado y cocktail",
    "url": "https://tienda.consum.es/es/p/mistercorn-cocktail-deluxe/7402451",
    "price": 2.39,
    "reference_price": 17.07,
    "iva": 10,
    "reference_unit": "1 Kg",
    "date": "2023-01-17"
  },
  {
    "id": 29715,
    "name": "Pack de Tealights Frutas del Bosque AROMATIUM",
    "description": "Pack de Tealights Frutas del Bosque 18 U",
    "category": "Velas",
    "url": "https://tienda.consum.es/es/p/pack-de-tealights-frutas-del-bosque/7402597",
    "price": 1.75,
    "reference_price": 0.1,
    "iva": 21,
    "reference_unit": "1 U",
    "date": "2023-01-17"
  },
  {
    "id": 29716,
    "name": "Estofado Ternera Gallega COREN",
    "description": "Estofado Ternera Gallega",
    "category": "Ternera y añojo",
    "url": "https://tienda.consum.es/es/p/estofado-ternera-gallega/7402683",
    "price": 6.38,
    "reference_price": 15.95,
    "iva": 10,
    "reference_unit": "1 Kg",
    "date": "2023-01-17"
  },
  {
    "id": 29717,
    "name": "Filete Muy Tierno Cadera/Babilla COREN",
    "description": "Filete Muy Tierno Cadera/Babilla",
    "category": "Ternera y añojo",
    "url": "https://tienda.consum.es/es/p/filete-muy-tierno-cadera/babilla/7402691",
    "price": 6.88,
    "reference_price": 22.9,
    "iva": 10,
    "reference_unit": "1 Kg",
    "date": "2023-01-17"
  },
  {
    "id": 29719,
    "name": "Queso Oveja Semicurado en lonchas SANABRIA",
    "description": "Queso Oveja Semicurado en lonchas 100 Gr",
    "category": "Barra y otros nacionales",
    "url": "https://tienda.consum.es/es/p/queso-oveja-semicurado-en-lonchas/7402811",
    "price": 1.59,
    "reference_price": 15.9,
    "iva": 0,
    "reference_unit": "1 Kg",
    "date": "2023-01-17"
  },
  {
    "id": 29720,
    "name": "Filete Extra Fino Ternera Gallega COREN",
    "description": "Filete Extra Fino Ternera Gallega",
    "category": "Ternera y añojo",
    "url": "https://tienda.consum.es/es/p/filete-extra-fino-ternera-gallega/7402969",
    "price": 6.65,
    "reference_price": 18.95,
    "iva": 10,
    "reference_unit": "1 Kg",
    "date": "2023-01-17"
  },
  {
    "id": 29725,
    "name": "Jabón En Pastilla Hidratante DOVE",
    "description": "Jabón En Pastilla Hidratante 2 U",
    "category": "Jabón en pastillas",
    "url": "https://tienda.consum.es/es/p/jabon-en-pastilla-hidratante/7403277",
    "price": 1.8,
    "reference_price": 0.9,
    "iva": 21,
    "reference_unit": "1 U",
    "date": "2023-01-17"
  },
  {
    "id": 29727,
    "name": "Gel Baño Classic MOUSSEL",
    "description": "Gel Baño Classic 650 ml",
    "category": "Gel de baño",
    "url": "https://tienda.consum.es/es/p/gel-bano-classic/7403301",
    "price": 3.7,
    "reference_price": 0.57,
    "iva": 21,
    "reference_unit": "100 ml",
    "date": "2023-01-17"
  },
  {
    "id": 29729,
    "name": "Confitura Naranja Amarga de Temporada HERO",
    "description": "Confitura Naranja Amarga de Temporada 365 Gr",
    "category": "Mermeladas y confituras",
    "url": "https://tienda.consum.es/es/p/confitura-naranja-amarga-de-temporada/7403335",
    "price": 2.19,
    "reference_price": 6,
    "iva": 10,
    "reference_unit": "1 Kg",
    "date": "2023-01-17"
  },
  {
    "id": 29730,
    "name": "Mermelada de Cereza de Temporada HERO",
    "description": "Mermelada de Cereza de Temporada 350 Gr",
    "category": "Mermeladas y confituras",
    "url": "https://tienda.consum.es/es/p/mermelada-de-cereza-de-temporada/7403389",
    "price": 2.19,
    "reference_price": 6.26,
    "iva": 10,
    "reference_unit": "1 Kg",
    "date": "2023-01-17"
  },
  {
    "id": 29731,
    "name": "Vino Blanco Varietal Reg. Castilla La Mancha MUCHO MAS",
    "description": "Vino Blanco Varietal Reg. Castilla La Mancha 0,75 L",
    "category": "Vinos d.o",
    "url": "https://tienda.consum.es/es/p/vino-blanco-varietal-reg-castilla-la-mancha/7403574",
    "price": 5.29,
    "reference_price": 7.05,
    "iva": 21,
    "reference_unit": "1 L",
    "date": "2023-01-17"
  },
  {
    "id": 29732,
    "name": "Vino Blanco Godello D.O. Monterrei MARA MARTIN",
    "description": "Vino Blanco Godello D.O. Monterrei 0,75 L",
    "category": "Vinos d.o",
    "url": "https://tienda.consum.es/es/p/vino-blanco-godello-do-monterrei/7403582",
    "price": 8.5,
    "reference_price": 11.33,
    "iva": 21,
    "reference_unit": "1 L",
    "date": "2023-01-17"
  },
  {
    "id": 29733,
    "name": "Margarina Proactive Tarrina FLORA",
    "description": "Margarina Proactive Tarrina 225 Gr",
    "category": "Mantequilla y margarina",
    "url": "https://tienda.consum.es/es/p/margarina-proactive-tarrina/7403587",
    "price": 2.95,
    "reference_price": 13.11,
    "iva": 10,
    "reference_unit": "1 Kg",
    "date": "2023-01-17"
  },
  {
    "id": 29734,
    "name": "Croqueta Carrillera CONSUM",
    "description": "Croqueta Carrillera 50 Gr",
    "category": "Otros elaborados",
    "url": "https://tienda.consum.es/es/p/croqueta-carrillera/7403632",
    "price": 0.65,
    "reference_price": 13,
    "iva": 10,
    "reference_unit": "1 Kg",
    "date": "2023-01-17"
  },
  {
    "id": 29736,
    "name": "Croqueta de la Abuela Pollo y Jamón CONSUM",
    "description": "Croqueta de la Abuela Pollo y Jamón 62 Gr",
    "category": "Otros elaborados",
    "url": "https://tienda.consum.es/es/p/croqueta-de-la-abuela-pollo-y-jamon/7403640",
    "price": 0.65,
    "reference_price": 10.48,
    "iva": 10,
    "reference_unit": "1 Kg",
    "date": "2023-01-17"
  },
  {
    "id": 29740,
    "name": "Fregasuelos Naranja ASEVI",
    "description": "Fregasuelos Naranja 0,95 L",
    "category": "Fregasuelos",
    "url": "https://tienda.consum.es/es/p/fregasuelos-naranja/7403785",
    "price": 2.09,
    "reference_price": 2.2,
    "iva": 21,
    "reference_unit": "1 L",
    "date": "2023-01-17"
  },
  {
    "id": 29741,
    "name": "Fregasuelos Mio ASEVI",
    "description": "Fregasuelos Mio 0,95 L",
    "category": "Fregasuelos",
    "url": "https://tienda.consum.es/es/p/fregasuelos-mio/7403793",
    "price": 2.09,
    "reference_price": 2.2,
    "iva": 21,
    "reference_unit": "1 L",
    "date": "2023-01-17"
  },
  {
    "id": 29743,
    "name": "Quark Protein Snack Fruta de la Pasión VALIO",
    "description": "Quark Protein Snack Fruta de la Pasión 175 Gr",
    "category": "Frescos y para ensaladas",
    "url": "https://tienda.consum.es/es/p/quark-protein-snack-fruta-de-la-pasion/7403801",
    "price": 1.39,
    "reference_price": 7.94,
    "iva": 0,
    "reference_unit": "1 Kg",
    "date": "2023-01-17"
  },
  {
    "id": 29744,
    "name": "Bacon Lonchas EL POZO",
    "description": "Bacon Lonchas 110 Gr",
    "category": "Bacon y panceta",
    "url": "https://tienda.consum.es/es/p/bacon-lonchas/7403848",
    "price": 1.5,
    "reference_price": 13.64,
    "iva": 10,
    "reference_unit": "1 Kg",
    "date": "2023-01-17"
  },
  {
    "id": 29745,
    "name": "Espárrago Triguero ",
    "description": "Espárrago Triguero 250 Gr",
    "category": "Espárragos",
    "url": "https://tienda.consum.es/es/p/esparrago-triguero/7404114",
    "price": 2.4,
    "reference_price": 9.6,
    "iva": 0,
    "reference_unit": "1 Kg",
    "date": "2023-01-17"
  },
  {
    "id": 29746,
    "name": "Perfumador Pink Botella 36 Lavados ASEVI",
    "description": "Perfumador Pink Botella 36 Lavados 36 Lv",
    "category": "Droguería y limpieza",
    "url": "https://tienda.consum.es/es/p/perfumador-pink-botella-36-lavados/7404122",
    "price": 3.95,
    "reference_price": 0.11,
    "iva": 21,
    "reference_unit": "1 Lv",
    "date": "2023-01-17"
  },
  {
    "id": 29747,
    "name": "Detergente Líquido Fragancia Mimosin SKIP",
    "description": "Detergente Líquido Fragancia Mimosin 35 Lv",
    "category": "Cuidado ropa",
    "url": "https://tienda.consum.es/es/p/detergente-liquido-fragancia-mimosin/7404143",
    "price": 11.35,
    "reference_price": 0.32,
    "iva": 21,
    "reference_unit": "1 Lv",
    "date": "2023-01-17"
  },
  {
    "id": 29748,
    "name": "Jamon Extra Natural Raza Duroc LEGADO",
    "description": "Jamon Extra Natural Raza Duroc 130 Gr",
    "category": "Jamón cocido - york",
    "url": "https://tienda.consum.es/es/p/jamon-extra-natural-raza-duroc/7404168",
    "price": 2.65,
    "reference_price": 20.38,
    "iva": 10,
    "reference_unit": "1 Kg",
    "date": "2023-01-17"
  },
  {
    "id": 29749,
    "name": "Yogur Líquido Natural Azucarado CONSUM",
    "description": "Yogur Líquido Natural Azucarado 1000 Gr",
    "category": "Yogures líquidos",
    "url": "https://tienda.consum.es/es/p/yogur-liquido-natural-azucarado/7391043",
    "price": 1.55,
    "reference_price": 1.55,
    "iva": 10,
    "reference_unit": "1 Kg",
    "date": "2023-01-17"
  },
  {
    "id": 29752,
    "name": "Cóctel Mix Crudo Natural Doypack CONSUM",
    "description": "Cóctel Mix Crudo Natural Doypack 150 Gr",
    "category": "Otros frutos secos",
    "url": "https://tienda.consum.es/es/p/coctel-mix-crudo-natural-doypack/7397912",
    "price": 1.88,
    "reference_price": 12.53,
    "iva": 0,
    "reference_unit": "1 Kg",
    "date": "2023-01-17"
  },
  {
    "id": 29754,
    "name": "Bebida Proteína con Frutos Rojos FRUTAE",
    "description": "Bebida Proteína con Frutos Rojos 250 ml",
    "category": "Zumos refrigerados",
    "url": "https://tienda.consum.es/es/p/bebida-proteina-con-frutos-rojos/7399327",
    "price": 1.25,
    "reference_price": 5,
    "iva": 10,
    "reference_unit": "1 L",
    "date": "2023-01-17"
  },
  {
    "id": 29755,
    "name": "Base Full Cover Colorstay Sand Beige REVLON",
    "description": "Base Full Cover Colorstay Sand Beige 1 U",
    "category": "Rostro",
    "url": "https://tienda.consum.es/es/p/base-full-cover-colorstay-sand-beige/7400476",
    "price": 9.45,
    "reference_price": 9.45,
    "iva": 21,
    "reference_unit": "1 U",
    "date": "2023-01-17"
  },
  {
    "id": 29756,
    "name": "Base Full Cover Colorstay Natural Beige REVLON",
    "description": "Base Full Cover Colorstay Natural Beige 1 U",
    "category": "Rostro",
    "url": "https://tienda.consum.es/es/p/base-full-cover-colorstay-natural-beige/7400484",
    "price": 9.45,
    "reference_price": 9.45,
    "iva": 21,
    "reference_unit": "1 U",
    "date": "2023-01-17"
  },
  {
    "id": 29757,
    "name": "Base Full Cover Colorstay Medium Beige REVLON",
    "description": "Base Full Cover Colorstay Medium Beige 1 U",
    "category": "Rostro",
    "url": "https://tienda.consum.es/es/p/base-full-cover-colorstay-medium-beige/7400489",
    "price": 9.45,
    "reference_price": 9.45,
    "iva": 21,
    "reference_unit": "1 U",
    "date": "2023-01-17"
  },
  {
    "id": 29758,
    "name": "Base Full Cover Colorstay True Beige REVLON",
    "description": "Base Full Cover Colorstay True Beige 1 U",
    "category": "Rostro",
    "url": "https://tienda.consum.es/es/p/base-full-cover-colorstay-true-beige/7400500",
    "price": 9.45,
    "reference_price": 9.45,
    "iva": 21,
    "reference_unit": "1 U",
    "date": "2023-01-17"
  },
  {
    "id": 29759,
    "name": "Base Full Cover Colorstay Natural Tan REVLON",
    "description": "Base Full Cover Colorstay Natural Tan 1 U",
    "category": "Rostro",
    "url": "https://tienda.consum.es/es/p/base-full-cover-colorstay-natural-tan/7400513",
    "price": 9.45,
    "reference_price": 9.45,
    "iva": 21,
    "reference_unit": "1 U",
    "date": "2023-01-17"
  },
  {
    "id": 29761,
    "name": "Colonia Diavolo ANTONIO BAND",
    "description": "Colonia Diavolo 100 ml",
    "category": "Masculinas",
    "url": "https://tienda.consum.es/es/p/colonia-diavolo/7400885",
    "price": 9.95,
    "reference_price": 9.95,
    "iva": 21,
    "reference_unit": "100 ml",
    "date": "2023-01-17"
  },
  {
    "id": 29769,
    "name": "Cerveza Holandesa pack de 6 Botellas HEINEKEN SIL",
    "description": "Cerveza Holandesa pack de 6 Botellas 6 x 0,25 L",
    "category": "Importación botella",
    "url": "https://tienda.consum.es/es/p/cerveza-holandesa-pack-de-6-botellas/7401651",
    "price": 3.99,
    "reference_price": 2.66,
    "iva": 21,
    "reference_unit": "1 L",
    "date": "2023-01-17"
  },
  {
    "id": 29775,
    "name": "Pan de Agua ",
    "description": "Pan de Agua 250 Gr",
    "category": "Pan de horno",
    "url": "https://tienda.consum.es/es/p/pan-de-agua/7403090",
    "price": 0.87,
    "reference_price": 3.48,
    "iva": 0,
    "reference_unit": "1 Kg",
    "date": "2023-01-17"
  },
  {
    "id": 29778,
    "name": "Batido de Cacao Vaso CACAOLAT",
    "description": "Batido de Cacao Vaso 200 ml",
    "category": "Batidos y cafés",
    "url": "https://tienda.consum.es/es/p/batido-de-cacao-vaso/7403314",
    "price": 1.43,
    "reference_price": 7.15,
    "iva": 10,
    "reference_unit": "1 L",
    "date": "2023-01-17"
  },
  {
    "id": 29783,
    "name": "Máquina Afeitar Sensitive 5 Hojas LEA",
    "description": "Máquina Afeitar Sensitive 5 Hojas 1 U",
    "category": "Maquinillas de afeitar",
    "url": "https://tienda.consum.es/es/p/maquina-afeitar-sensitive-5-hojas/7403611",
    "price": 4.7,
    "reference_price": 4.7,
    "iva": 21,
    "reference_unit": "1 U",
    "date": "2023-01-17"
  },
  {
    "id": 29784,
    "name": "Recambio Sensitive 5 Hojas LEA",
    "description": "Recambio Sensitive 5 Hojas 4 U",
    "category": "Recambios hojas afeitar",
    "url": "https://tienda.consum.es/es/p/recambio-sensitive-5-hojas/7403665",
    "price": 4.6,
    "reference_price": 1.15,
    "iva": 21,
    "reference_unit": "1 U",
    "date": "2023-01-17"
  },
  {
    "id": 29785,
    "name": "Manzanilla D.O.Sanlucar Barrameda LA SEÑORITA",
    "description": "Manzanilla D.O.Sanlucar Barrameda 0,75 L",
    "category": "Finos y dulces",
    "url": "https://tienda.consum.es/es/p/manzanilla-dosanlucar-barrameda/7403876",
    "price": 3.5,
    "reference_price": 4.67,
    "iva": 21,
    "reference_unit": "1 L",
    "date": "2023-01-17"
  },
  {
    "id": 29790,
    "name": "Queso Fresco LACT.VICENTE",
    "description": "Queso Fresco 1 Kg",
    "category": "Frescos y para ensaladas",
    "url": "https://tienda.consum.es/es/p/queso-fresco/7404374",
    "price": 4.22,
    "reference_price": 4.22,
    "iva": 0,
    "reference_unit": "1 Kg",
    "date": "2023-01-17"
  },
  {
    "id": 29791,
    "name": "Fideos Sabor Teriyaki Bolsa MAGGI",
    "description": "Fideos Sabor Teriyaki Bolsa 130 Gr",
    "category": "Asiático",
    "url": "https://tienda.consum.es/es/p/fideos-sabor-teriyaki-bolsa/7404411",
    "price": 1.59,
    "reference_price": 12.23,
    "iva": 10,
    "reference_unit": "1 Kg",
    "date": "2023-01-17"
  },
  {
    "id": 29792,
    "name": "Cereales Solubles con Magnesio EKO",
    "description": "Cereales Solubles con Magnesio 150 Gr",
    "category": "Cacao y cereales solubles",
    "url": "https://tienda.consum.es/es/p/cereales-solubles-con-magnesio/7404437",
    "price": 2.99,
    "reference_price": 19.93,
    "iva": 10,
    "reference_unit": "1 Kg",
    "date": "2023-01-17"
  },
  {
    "id": 29799,
    "name": "Recambio Duplo Electrico White Bouquet AIRWICK",
    "description": "Recambio Duplo Electrico White Bouquet 1 U",
    "category": "Eléctricos y automáticos",
    "url": "https://tienda.consum.es/es/p/recambio-duplo-electrico-white-bouquet/7399988",
    "price": 8.99,
    "reference_price": 8.99,
    "iva": 21,
    "reference_unit": "1 U",
    "date": "2023-01-17"
  },
  {
    "id": 29802,
    "name": "Postre de Coco Natural ALPRO",
    "description": "Postre de Coco Natural 350 Gr",
    "category": "Soja",
    "url": "https://tienda.consum.es/es/p/postre-de-coco-natural/7401768",
    "price": 2.59,
    "reference_price": 7.4,
    "iva": 10,
    "reference_unit": "1 Kg",
    "date": "2023-01-17"
  },
  {
    "id": 29803,
    "name": "Queso Maasdam Cuña Afrutado M.VICENTE",
    "description": "Queso Maasdam Cuña Afrutado 240 Gr",
    "category": "Bola, edam, gouda, maasdam",
    "url": "https://tienda.consum.es/es/p/queso-maasdam-cuna-afrutado/7402048",
    "price": 2.39,
    "reference_price": 9.96,
    "iva": 0,
    "reference_unit": "1 Kg",
    "date": "2023-01-17"
  },
  {
    "id": 29805,
    "name": "Gel De Baño Hidratación Profunda DOVE",
    "description": "Gel De Baño Hidratación Profunda 540 ml",
    "category": "Gel de baño",
    "url": "https://tienda.consum.es/es/p/gel-de-bano-hidratacion-profunda/7402555",
    "price": 3.25,
    "reference_price": 0.6,
    "iva": 21,
    "reference_unit": "100 ml",
    "date": "2023-01-17"
  },
  {
    "id": 29807,
    "name": "Crema Regenerist SPF30 3 Áreas Día OLAY",
    "description": "Crema Regenerist SPF30 3 Áreas Día 50 ml",
    "category": "Hidratación",
    "url": "https://tienda.consum.es/es/p/crema-regenerist-spf30-3-areas-dia/7403652",
    "price": 26.9,
    "reference_price": 53.8,
    "iva": 21,
    "reference_unit": "100 ml",
    "date": "2023-01-17"
  },
  {
    "id": 29808,
    "name": "Galletas Finas Avena Chocoleche GULLON ZERO",
    "description": "Galletas Finas Avena Chocoleche 150 Gr",
    "category": "Galletas de chocolate",
    "url": "https://tienda.consum.es/es/p/galletas-finas-avena-chocoleche/7403686",
    "price": 2.25,
    "reference_price": 15,
    "iva": 10,
    "reference_unit": "1 Kg",
    "date": "2023-01-17"
  },
  {
    "id": 29809,
    "name": "Galleta Fina Chocoleche GULLON ZERO",
    "description": "Galleta Fina Chocoleche 150 Gr",
    "category": "Galletas de chocolate",
    "url": "https://tienda.consum.es/es/p/galleta-fina-chocoleche/7403694",
    "price": 2.25,
    "reference_price": 15,
    "iva": 10,
    "reference_unit": "1 Kg",
    "date": "2023-01-17"
  },
  {
    "id": 29810,
    "name": "Colonia Fruit Attraction Monoi SAPHIR",
    "description": "Colonia Fruit Attraction Monoi 100 ml",
    "category": "Femeninas",
    "url": "https://tienda.consum.es/es/p/colonia-fruit-attraction-monoi/7403707",
    "price": 4.95,
    "reference_price": 4.95,
    "iva": 21,
    "reference_unit": "100 ml",
    "date": "2023-01-17"
  },
  {
    "id": 29811,
    "name": "Colonia Fruit Attraction Cereza SAPHIR",
    "description": "Colonia Fruit Attraction Cereza 100 ml",
    "category": "Femeninas",
    "url": "https://tienda.consum.es/es/p/colonia-fruit-attraction-cereza/7403710",
    "price": 4.95,
    "reference_price": 4.95,
    "iva": 21,
    "reference_unit": "100 ml",
    "date": "2023-01-17"
  },
  {
    "id": 29812,
    "name": "Filipino Chocolate Blanco más 35g Gratis ARTIACH",
    "description": "Filipino Chocolate Blanco más 35g Gratis 128 Gr",
    "category": "Galletas de chocolate",
    "url": "https://tienda.consum.es/es/p/filipino-chocolate-blanco-mas-35g-gratis/7403819",
    "price": 1.2,
    "reference_price": 9.38,
    "iva": 10,
    "reference_unit": "1 Kg",
    "date": "2023-01-17"
  },
  {
    "id": 29813,
    "name": "Filipino Chocolate Negro más 35g Gratis ARTIACH",
    "description": "Filipino Chocolate Negro más 35g Gratis 128 Gr",
    "category": "Galletas de chocolate",
    "url": "https://tienda.consum.es/es/p/filipino-chocolate-negro-mas-35g-gratis/7403822",
    "price": 1.2,
    "reference_price": 9.38,
    "iva": 10,
    "reference_unit": "1 Kg",
    "date": "2023-01-17"
  },
  {
    "id": 29814,
    "name": "Toallitas Desmaquillantes Piel Mixta VITESSE",
    "description": "Toallitas Desmaquillantes Piel Mixta 25 U",
    "category": "Limpieza y desmaquilladores",
    "url": "https://tienda.consum.es/es/p/toallitas-desmaquillantes-piel-mixta/7403939",
    "price": 2.45,
    "reference_price": 0.1,
    "iva": 21,
    "reference_unit": "1 U",
    "date": "2023-01-17"
  },
  {
    "id": 29818,
    "name": "Ron Dominicano Imperial BARCELÓ",
    "description": "Ron Dominicano Imperial 0,7 L",
    "category": "Licores y vermouth",
    "url": "https://tienda.consum.es/es/p/ron-dominicano-imperial/7404221",
    "price": 29.9,
    "reference_price": 42.71,
    "iva": 21,
    "reference_unit": "1 L",
    "date": "2023-01-17"
  },
  {
    "id": 29820,
    "name": "Tarrito Bio Manzana Albaricoque y Melocotón GERBER",
    "description": "Tarrito Bio Manzana Albaricoque y Melocotón 125 Gr",
    "category": "Alimentación infantil",
    "url": "https://tienda.consum.es/es/p/tarrito-bio-manzana-albaricoque-y-melocoton/7404242",
    "price": 1.5,
    "reference_price": 12,
    "iva": 10,
    "reference_unit": "1 Kg",
    "date": "2023-01-17"
  },
  {
    "id": 29821,
    "name": "Galleta Mini Cookies MILKA",
    "description": "Galleta Mini Cookies 110 Gr",
    "category": "Galletas de chocolate",
    "url": "https://tienda.consum.es/es/p/galleta-mini-cookies/7404283",
    "price": 1.59,
    "reference_price": 14.45,
    "iva": 10,
    "reference_unit": "1 Kg",
    "date": "2023-01-17"
  },
  {
    "id": 29822,
    "name": "Galleta Mini Crunchy Bites OREO",
    "description": "Galleta Mini Crunchy Bites 110 Gr",
    "category": "Galletas de chocolate",
    "url": "https://tienda.consum.es/es/p/galleta-mini-crunchy-bites/7404288",
    "price": 1.59,
    "reference_price": 14.45,
    "iva": 10,
    "reference_unit": "1 Kg",
    "date": "2023-01-17"
  },
  {
    "id": 29823,
    "name": "Galleta Choco Finas MILKA",
    "description": "Galleta Choco Finas 126 Gr",
    "category": "Galletas de chocolate",
    "url": "https://tienda.consum.es/es/p/galleta-choco-finas/7404312",
    "price": 1.7,
    "reference_price": 13.49,
    "iva": 10,
    "reference_unit": "1 Kg",
    "date": "2023-01-17"
  },
  {
    "id": 29824,
    "name": "Aceite Milagroso Pre y Post Depilación VEET",
    "description": "Aceite Milagroso Pre y Post Depilación 100 ml",
    "category": "Crema, gel y spray",
    "url": "https://tienda.consum.es/es/p/aceite-milagroso-pre-y-post-depilacion/7404320",
    "price": 7.99,
    "reference_price": 7.99,
    "iva": 21,
    "reference_unit": "100 ml",
    "date": "2023-01-17"
  },
  {
    "id": 29829,
    "name": "Capuccino Soluble Mocha 8 sobres NESCAFE",
    "description": "Capuccino Soluble Mocha 8 sobres 144 Gr",
    "category": "Café Soluble ",
    "url": "https://tienda.consum.es/es/p/capuccino-soluble-mocha-8-sobres/7404440",
    "price": 2.99,
    "reference_price": 20.76,
    "iva": 10,
    "reference_unit": "1 Kg",
    "date": "2023-01-17"
  },
  {
    "id": 29830,
    "name": "Cacao Soluble 100% Cacao Puro COLA CAO",
    "description": "Cacao Soluble 100% Cacao Puro 250 Gr",
    "category": "Cacao soluble",
    "url": "https://tienda.consum.es/es/p/cacao-soluble-100-cacao-puro/7404445",
    "price": 3.79,
    "reference_price": 15.16,
    "iva": 10,
    "reference_unit": "1 Kg",
    "date": "2023-01-17"
  },
  {
    "id": 29832,
    "name": "Pesto Rosso con Aceto Balsámico di Modena BARILLA",
    "description": "Pesto Rosso con Aceto Balsámico di Modena 200 Gr",
    "category": "Otras salsas",
    "url": "https://tienda.consum.es/es/p/pesto-rosso-con-aceto-balsamico-di-modena/7404499",
    "price": 2.99,
    "reference_price": 14.95,
    "iva": 10,
    "reference_unit": "1 Kg",
    "date": "2023-01-17"
  },
  {
    "id": 29833,
    "name": "Grano de Avena Cocida BRILLANTE",
    "description": "Grano de Avena Cocida 2 x 125 Gr",
    "category": "Especial, integral y sémolas",
    "url": "https://tienda.consum.es/es/p/grano-de-avena-cocida/7404507",
    "price": 1.35,
    "reference_price": 5.4,
    "iva": 10,
    "reference_unit": "1 Kg",
    "date": "2023-01-17"
  },
  {
    "id": 29834,
    "name": "Crema Bio 10 Forte Tratamiento De Choque BELLA AURORA",
    "description": "Crema Bio 10 Forte Tratamiento De Choque 20 ml",
    "category": "Hidratación",
    "url": "https://tienda.consum.es/es/p/crema-bio-10-forte-tratamiento-de-choque/7404627",
    "price": 22.9,
    "reference_price": 114.5,
    "iva": 21,
    "reference_unit": "100 ml",
    "date": "2023-01-17"
  },
  {
    "id": 29835,
    "name": "Obleas Artesanas 20 unidades DICAR",
    "description": "Obleas Artesanas 20 unidades 35 Gr",
    "category": "Wafer y barquillos",
    "url": "https://tienda.consum.es/es/p/obleas-artesanas-20-unidades/7404895",
    "price": 0.39,
    "reference_price": 1.11,
    "iva": 10,
    "reference_unit": "100 Gr",
    "date": "2023-01-17"
  },
  {
    "id": 29836,
    "name": "Cápsulas Colesterol NATURTIERRA",
    "description": "Cápsulas Colesterol 30 U",
    "category": "Fitoterapia",
    "url": "https://tienda.consum.es/es/p/capsulas-colesterol/7404903",
    "price": 5.99,
    "reference_price": 0.2,
    "iva": 10,
    "reference_unit": "1 U",
    "date": "2023-01-17"
  },
  {
    "id": 29837,
    "name": "Canelones Espinacas Queso congelados Pack 8 Uds. LA COCINERA",
    "description": "Canelones Espinacas Queso congelados Pack de 8 Unidades 500 Gr",
    "category": "Canelones y lasañas",
    "url": "https://tienda.consum.es/es/p/canelones-espinacas-queso-congelados-pack-8-uds/7393932",
    "price": 4.76,
    "reference_price": 9.52,
    "iva": 5,
    "reference_unit": "1 Kg",
    "date": "2023-01-17"
  },
  {
    "id": 29839,
    "name": "Tónica Botella SCHWEPPES",
    "description": "Tónica Botella 0,2 L",
    "category": "Tónica",
    "url": "https://tienda.consum.es/es/p/tonica-botella/7402923",
    "price": 1.06,
    "reference_price": 5.3,
    "iva": 21,
    "reference_unit": "1 L",
    "date": "2023-01-17"
  },
  {
    "id": 29840,
    "name": "Limpiador Vitrocerámica Crema Naranja FROSCH",
    "description": "Limpiador Vitrocerámica Crema Naranja 500 ml",
    "category": "Limpieza cocina",
    "url": "https://tienda.consum.es/es/p/limpiador-vitroceramica-crema-naranja/7403280",
    "price": 4.29,
    "reference_price": 8.58,
    "iva": 21,
    "reference_unit": "1 L",
    "date": "2023-01-17"
  },
  {
    "id": 29841,
    "name": "Chocolate con Oreo MILKA",
    "description": "Chocolate con Oreo 300 Gr",
    "category": "Tabletas",
    "url": "https://tienda.consum.es/es/p/chocolate-con-oreo/7403827",
    "price": 2.9,
    "reference_price": 9.67,
    "iva": 10,
    "reference_unit": "1 Kg",
    "date": "2023-01-17"
  },
  {
    "id": 29842,
    "name": "Tarrito Brócoli, Guisantes y Pavo Bio GERBER",
    "description": "Tarrito Brócoli, Guisantes y Pavo Bio 190 Gr",
    "category": "Alimentación infantil",
    "url": "https://tienda.consum.es/es/p/tarrito-brocoli-guisantes-y-pavo-bio/7403863",
    "price": 2.1,
    "reference_price": 11.05,
    "iva": 10,
    "reference_unit": "1 Kg",
    "date": "2023-01-17"
  },
  {
    "id": 29843,
    "name": "Tarrito Hortalizas con Ternera Bio GERBER",
    "description": "Tarrito Hortalizas con Ternera Bio 190 Gr",
    "category": "Alimentación infantil",
    "url": "https://tienda.consum.es/es/p/tarrito-hortalizas-con-ternera-bio/7403868",
    "price": 2.1,
    "reference_price": 11.05,
    "iva": 10,
    "reference_unit": "1 Kg",
    "date": "2023-01-17"
  },
  {
    "id": 29845,
    "name": "Agua Mágica Color Vive ELVIVE",
    "description": "Agua Mágica Color Vive 200 ml",
    "category": "Serums, aceites y otros",
    "url": "https://tienda.consum.es/es/p/agua-magica-color-vive/7403889",
    "price": 7.99,
    "reference_price": 4,
    "iva": 21,
    "reference_unit": "100 ml",
    "date": "2023-01-17"
  },
  {
    "id": 29846,
    "name": "Yogur Proteína Lindahls sabor Limón y Cookies NESTLE",
    "description": "Yogur Proteína Lindahls sabor Limón y Cookies 150 Gr",
    "category": "Yogures especial salud",
    "url": "https://tienda.consum.es/es/p/yogur-proteina-lindahls-sabor-limon-y-cookies/7404077",
    "price": 1.25,
    "reference_price": 8.33,
    "iva": 10,
    "reference_unit": "1 Kg",
    "date": "2023-01-17"
  },
  {
    "id": 29847,
    "name": "Champú Vitamin Force FRUCTIS",
    "description": "Champú Vitamin Force 360 ml",
    "category": "Champú",
    "url": "https://tienda.consum.es/es/p/champu-vitamin-force/7404262",
    "price": 3.85,
    "reference_price": 1.07,
    "iva": 21,
    "reference_unit": "100 ml",
    "date": "2023-01-17"
  },
  {
    "id": 29849,
    "name": "Champú Método Curly GIORGI",
    "description": "Champú Método Curly 350 ml",
    "category": "Champú",
    "url": "https://tienda.consum.es/es/p/champu-metodo-curly/7404338",
    "price": 4.5,
    "reference_price": 1.29,
    "iva": 21,
    "reference_unit": "100 ml",
    "date": "2023-01-17"
  },
  {
    "id": 29850,
    "name": "Mascarilla Método Curly GIORGI",
    "description": "Mascarilla Método Curly 350 ml",
    "category": "Mascarillas cabello",
    "url": "https://tienda.consum.es/es/p/mascarilla-metodo-curly/7404341",
    "price": 4.95,
    "reference_price": 1.41,
    "iva": 21,
    "reference_unit": "100 ml",
    "date": "2023-01-17"
  },
  {
    "id": 29851,
    "name": "Gel Definidor Método Curly GIORGI",
    "description": "Gel Definidor Método Curly 250 ml",
    "category": "Gel y cera",
    "url": "https://tienda.consum.es/es/p/gel-definidor-metodo-curly/7404346",
    "price": 4.5,
    "reference_price": 1.8,
    "iva": 21,
    "reference_unit": "100 ml",
    "date": "2023-01-17"
  },
  {
    "id": 29852,
    "name": "Frijoles Negros GOYA",
    "description": "Frijoles Negros 500 Gr",
    "category": "Despensa",
    "url": "https://tienda.consum.es/es/p/frijoles-negros/7404502",
    "price": 2.11,
    "reference_price": 4.22,
    "iva": 0,
    "reference_unit": "1 Kg",
    "date": "2023-01-17"
  },
  {
    "id": 29853,
    "name": "CC Cream SPF50 Oil Free Anti-Manchas BELLA AURORA",
    "description": "CC Cream SPF50 Oil Free Anti-Manchas 30 ml",
    "category": "Hidratación",
    "url": "https://tienda.consum.es/es/p/cc-cream-spf50-oil-free-anti-manchas/7404619",
    "price": 16.9,
    "reference_price": 56.33,
    "iva": 21,
    "reference_unit": "100 ml",
    "date": "2023-01-17"
  },
  {
    "id": 29855,
    "name": "Margarina Vegetal Tarrina FLORA",
    "description": "Margarina Vegetal Tarrina 400 Gr",
    "category": "Mantequilla y margarina",
    "url": "https://tienda.consum.es/es/p/margarina-vegetal-tarrina/7404721",
    "price": 3.45,
    "reference_price": 8.63,
    "iva": 10,
    "reference_unit": "1 Kg",
    "date": "2023-01-17"
  },
  {
    "id": 29856,
    "name": "Margarina Vegetal Tarrina TULIPAN",
    "description": "Margarina Vegetal Tarrina 400 Gr",
    "category": "Mantequilla y margarina",
    "url": "https://tienda.consum.es/es/p/margarina-vegetal-tarrina/7404726",
    "price": 2.85,
    "reference_price": 7.13,
    "iva": 10,
    "reference_unit": "1 Kg",
    "date": "2023-01-17"
  },
  {
    "id": 29858,
    "name": "Jamón Cocido Extra Family EL POZO",
    "description": "Jamón Cocido Extra Family 2 x 200 Gr",
    "category": "Jamón cocido - york",
    "url": "https://tienda.consum.es/es/p/jamon-cocido-extra-family/7404759",
    "price": 3.35,
    "reference_price": 8.38,
    "iva": 10,
    "reference_unit": "1 Kg",
    "date": "2023-01-17"
  },
  {
    "id": 29859,
    "name": "Pechuga de Pavo Family EL POZO",
    "description": "Pechuga de Pavo Family 2 x 200 Gr",
    "category": "Fiambres ave",
    "url": "https://tienda.consum.es/es/p/pechuga-de-pavo-family/7404767",
    "price": 3.59,
    "reference_price": 8.98,
    "iva": 10,
    "reference_unit": "1 Kg",
    "date": "2023-01-17"
  },
  {
    "id": 29860,
    "name": "Galleta Flakes Nocilla Caja 3 Bolsitas CUETARA",
    "description": "Galleta Flakes Nocilla Caja 3 Bolsitas 105 Gr",
    "category": "Galletas de chocolate",
    "url": "https://tienda.consum.es/es/p/galleta-flakes-nocilla-caja-3-bolsitas/7404770",
    "price": 1.2,
    "reference_price": 11.43,
    "iva": 10,
    "reference_unit": "1 Kg",
    "date": "2023-01-17"
  },
  {
    "id": 29861,
    "name": "Pizza congelada Forno di Pietra 4 Formaggi BUITONI",
    "description": "Pizza congelada Forno di Pietra 4 Formaggi 340 Gr",
    "category": "Pizza congelada",
    "url": "https://tienda.consum.es/es/p/pizza-congelada-forno-di-pietra-4-formaggi/7404796",
    "price": 3.69,
    "reference_price": 10.85,
    "iva": 10,
    "reference_unit": "1 Kg",
    "date": "2023-01-17"
  },
  {
    "id": 29862,
    "name": "Pizza congelada Bella Napoli 4 Formaggi BUITONI",
    "description": "Pizza congelada Bella Napoli 4 Formaggi 425 Gr",
    "category": "Pizza congelada",
    "url": "https://tienda.consum.es/es/p/pizza-congelada-bella-napoli-4-formaggi/7404804",
    "price": 4.99,
    "reference_price": 11.74,
    "iva": 10,
    "reference_unit": "1 Kg",
    "date": "2023-01-17"
  },
  {
    "id": 29864,
    "name": "Pizza congelada Ristorante Vegana RISTORANTE",
    "description": "Pizza congelada Ristorante Vegana 345 Gr",
    "category": "Pizza congelada",
    "url": "https://tienda.consum.es/es/p/pizza-congelada-ristorante-vegana/7404817",
    "price": 4.25,
    "reference_price": 12.32,
    "iva": 10,
    "reference_unit": "1 Kg",
    "date": "2023-01-17"
  },
  {
    "id": 29867,
    "name": "Piedra Blanca Limpieza CHUBB",
    "description": "Piedra Blanca Limpieza 500 Gr",
    "category": "Limpieza hogar",
    "url": "https://tienda.consum.es/es/p/piedra-blanca-limpieza/7404841",
    "price": 3.95,
    "reference_price": 7.9,
    "iva": 21,
    "reference_unit": "1 Kg",
    "date": "2023-01-17"
  },
  {
    "id": 29868,
    "name": "Crema Secado Rápido Dream Long ELVIVE",
    "description": "Crema Secado Rápido Dream Long 150 ml",
    "category": "Gel y cera",
    "url": "https://tienda.consum.es/es/p/crema-secado-rapido-dream-long/7404861",
    "price": 4.95,
    "reference_price": 3.3,
    "iva": 21,
    "reference_unit": "100 ml",
    "date": "2023-01-17"
  },
  {
    "id": 29869,
    "name": "Espuma Dream Long ELVIVE",
    "description": "Espuma Dream Long 200 ml",
    "category": "Espumas y mousses",
    "url": "https://tienda.consum.es/es/p/espuma-dream-long/7404866",
    "price": 4.95,
    "reference_price": 2.48,
    "iva": 21,
    "reference_unit": "100 ml",
    "date": "2023-01-17"
  },
  {
    "id": 29871,
    "name": "Burger Crispy Chicken ALDELIS",
    "description": "Burger Crispy Chicken 240 Gr",
    "category": "Picadas y hamburguesas",
    "url": "https://tienda.consum.es/es/p/burger-crispy-chicken/7404952",
    "price": 2.49,
    "reference_price": 10.38,
    "iva": 10,
    "reference_unit": "1 Kg",
    "date": "2023-01-17"
  },
  {
    "id": 29879,
    "name": "Toallitas Íntimas KYREY",
    "description": "Toallitas Íntimas 24 U",
    "category": "Aseo íntimo",
    "url": "https://tienda.consum.es/es/p/toallitas-intimas/7376762",
    "price": 1.25,
    "reference_price": 0.05,
    "iva": 21,
    "reference_unit": "1 U",
    "date": "2023-01-17"
  },
  {
    "id": 29880,
    "name": "Torreznos Adobados Bolsa CONSUM",
    "description": "Torreznos Adobados Bolsa 150 Gr",
    "category": "Snacks y otros aperitivos",
    "url": "https://tienda.consum.es/es/p/torreznos-adobados-bolsa/7397722",
    "price": 1.99,
    "reference_price": 13.27,
    "iva": 10,
    "reference_unit": "1 Kg",
    "date": "2023-01-17"
  },
  {
    "id": 29881,
    "name": "Gel Argán Óleo Nutritivo DOVE",
    "description": "Gel Argán Óleo Nutritivo 500 ml",
    "category": "Gel de baño",
    "url": "https://tienda.consum.es/es/p/gel-argan-oleo-nutritivo/7399330",
    "price": 3.79,
    "reference_price": 0.76,
    "iva": 21,
    "reference_unit": "100 ml",
    "date": "2023-01-17"
  },
  {
    "id": 29882,
    "name": "Ambientador Eléctrico White Bouquet Aparato AIRWICK",
    "description": "Ambientador Eléctrico White Bouquet Aparato 1 U",
    "category": "Eléctricos y automáticos",
    "url": "https://tienda.consum.es/es/p/ambientador-electrico-white-bouquet-aparato/7400299",
    "price": 5.65,
    "reference_price": 5.65,
    "iva": 21,
    "reference_unit": "1 U",
    "date": "2023-01-17"
  },
  {
    "id": 29883,
    "name": "Cava Brut D.O. Cava MONTECASINO",
    "description": "Cava Brut D.O. Cava 200 ml",
    "category": "Cavas y sidras",
    "url": "https://tienda.consum.es/es/p/cava-brut-do-cava/7400570",
    "price": 1.3,
    "reference_price": 6.5,
    "iva": 21,
    "reference_unit": "1 L",
    "date": "2023-01-17"
  },
  {
    "id": 29886,
    "name": "Escobillero de Silicona Forma Plana WORLD ENERGY",
    "description": "Escobillero de Silicona Forma Plana 1 U",
    "category": "Útiles de limpieza",
    "url": "https://tienda.consum.es/es/p/escobillero-de-silicona-forma-plana/7402592",
    "price": 4.95,
    "reference_price": 4.95,
    "iva": 21,
    "reference_unit": "1 U",
    "date": "2023-01-17"
  },
  {
    "id": 29889,
    "name": "Tónica Pink Botella SCHWEPPES",
    "description": "Tónica Pink Botella 0,2 L",
    "category": "Tónica",
    "url": "https://tienda.consum.es/es/p/tonica-pink-botella/7402931",
    "price": 1.06,
    "reference_price": 5.3,
    "iva": 21,
    "reference_unit": "1 L",
    "date": "2023-01-17"
  },
  {
    "id": 29890,
    "name": "Pastillas de Encendido Sin Olor FOC D'OR",
    "description": "Pastillas de Encendido Sin Olor 36 U",
    "category": "Barbacoa, piscina y playa",
    "url": "https://tienda.consum.es/es/p/pastillas-de-encendido-sin-olor/7402998",
    "price": 0.85,
    "reference_price": 0.02,
    "iva": 21,
    "reference_unit": "1 U",
    "date": "2023-01-17"
  },
  {
    "id": 29891,
    "name": "Pan Molde Cereales y Semillas CONSUM",
    "description": "Pan Molde Cereales y Semillas 675 Gr",
    "category": "Con corteza",
    "url": "https://tienda.consum.es/es/p/pan-molde-cereales-y-semillas/7403272",
    "price": 1.89,
    "reference_price": 2.8,
    "iva": 10,
    "reference_unit": "1 Kg",
    "date": "2023-01-17"
  },
  {
    "id": 29894,
    "name": "Higiénico Megarollo 6 Rollos SCOTTEX",
    "description": "Higiénico Megarollo 6 Rollos 6 U",
    "category": "Papel higiénico",
    "url": "https://tienda.consum.es/es/p/higienico-megarollo-6-rollos/7403921",
    "price": 4.49,
    "reference_price": 0.75,
    "iva": 21,
    "reference_unit": "1 U",
    "date": "2023-01-17"
  },
  {
    "id": 29896,
    "name": "Cerveza Dorada Pack de 6 botellas EL AGUILA",
    "description": "Cerveza Dorada Pack de 6 botellas 6 x 0,2 L",
    "category": "Cervezas",
    "url": "https://tienda.consum.es/es/p/cerveza-dorada-pack-de-6-botellas/7404234",
    "price": 3.25,
    "reference_price": 2.71,
    "iva": 21,
    "reference_unit": "1 L",
    "date": "2023-01-17"
  },
  {
    "id": 29901,
    "name": "Mini Marbu Dorada a Cucharadas ARTIACH",
    "description": "Mini Marbu Dorada a Cucharadas 230 Gr",
    "category": "Desayuno y merienda infantil",
    "url": "https://tienda.consum.es/es/p/mini-marbu-dorada-a-cucharadas/7404775",
    "price": 1.2,
    "reference_price": 5.22,
    "iva": 10,
    "reference_unit": "1 Kg",
    "date": "2023-01-17"
  },
  {
    "id": 29906,
    "name": "Pizza Bianca Lenta Fermentación TARRADELLAS",
    "description": "Pizza Bianca Lenta Fermentación 400 Gr",
    "category": "Pizza refrigerada",
    "url": "https://tienda.consum.es/es/p/pizza-bianca-lenta-fermentacion/7404858",
    "price": 4.49,
    "reference_price": 11.23,
    "iva": 10,
    "reference_unit": "1 Kg",
    "date": "2023-01-17"
  },
  {
    "id": 29907,
    "name": "Pizza Jamón Lenta Fermentación TARRADELLAS",
    "description": "Pizza Jamón Lenta Fermentación 400 Gr",
    "category": "Pizza refrigerada",
    "url": "https://tienda.consum.es/es/p/pizza-jamon-lenta-fermentacion/7404874",
    "price": 4.29,
    "reference_price": 10.73,
    "iva": 10,
    "reference_unit": "1 Kg",
    "date": "2023-01-17"
  },
  {
    "id": 29909,
    "name": "Chocolate Negro para Postres NESTLE",
    "description": "Chocolate Negro para Postres 200 Gr",
    "category": "Tabletas",
    "url": "https://tienda.consum.es/es/p/chocolate-negro-para-postres/7404981",
    "price": 1.89,
    "reference_price": 9.45,
    "iva": 10,
    "reference_unit": "1 Kg",
    "date": "2023-01-17"
  },
  {
    "id": 29910,
    "name": "Caja Cumpleaños Fun Box FINI",
    "description": "Caja Cumpleaños Fun Box 70 Gr",
    "category": "Gominolas",
    "url": "https://tienda.consum.es/es/p/caja-cumpleanos-fun-box/7404986",
    "price": 1.15,
    "reference_price": 16.43,
    "iva": 10,
    "reference_unit": "1 Kg",
    "date": "2023-01-17"
  },
  {
    "id": 29911,
    "name": "Palo Antideslizante 140 cm MIK",
    "description": "Palo Antideslizante 140 cm 1 U",
    "category": "Fregonas",
    "url": "https://tienda.consum.es/es/p/palo-antideslizante-140-cm/7405041",
    "price": 1.19,
    "reference_price": 1.19,
    "iva": 21,
    "reference_unit": "1 U",
    "date": "2023-01-17"
  },
  {
    "id": 29912,
    "name": "Cañita de Papel Flexible Rayas Negras/Blancas BETIK",
    "description": "Cañita de Papel Flexible Rayas Negras/Blancas 48 U",
    "category": "Cubiertos, vasos y vajilla",
    "url": "https://tienda.consum.es/es/p/canita-de-papel-flexible-rayas-negras/blancas/7405053",
    "price": 1.59,
    "reference_price": 0.03,
    "iva": 21,
    "reference_unit": "1 U",
    "date": "2023-01-17"
  },
  {
    "id": 29913,
    "name": "Harina Tempura HARIMSA",
    "description": "Harina Tempura 500 Gr",
    "category": "Harinas y levaduras",
    "url": "https://tienda.consum.es/es/p/harina-tempura/7405124",
    "price": 1.69,
    "reference_price": 3.38,
    "iva": 10,
    "reference_unit": "1 Kg",
    "date": "2023-01-17"
  },
  {
    "id": 29914,
    "name": "Mascarilla Hidratante TRESEMME",
    "description": "Mascarilla Hidratante 440 ml",
    "category": "Mascarillas cabello",
    "url": "https://tienda.consum.es/es/p/mascarilla-hidratante/7405178",
    "price": 5.95,
    "reference_price": 1.35,
    "iva": 21,
    "reference_unit": "100 ml",
    "date": "2023-01-17"
  },
  {
    "id": 29915,
    "name": "Maquinilla Desechable 3 Hojas Premium LEA",
    "description": "Maquinilla Desechable 3 Hojas Premium 4 U",
    "category": "Maquinillas de afeitar",
    "url": "https://tienda.consum.es/es/p/maquinilla-desechable-3-hojas-premium/7405194",
    "price": 2.5,
    "reference_price": 0.63,
    "iva": 21,
    "reference_unit": "1 U",
    "date": "2023-01-17"
  },
  {
    "id": 29916,
    "name": "Maquinilla Desechable 2 Hojas Women Emerging LEA",
    "description": "Maquinilla Desechable 2 Hojas Women Emerging 5 U",
    "category": "Maquinillas y recambios",
    "url": "https://tienda.consum.es/es/p/maquinilla-desechable-2-hojas-women-emerging/7405199",
    "price": 1,
    "reference_price": 0.2,
    "iva": 21,
    "reference_unit": "1 U",
    "date": "2023-01-17"
  },
  {
    "id": 29918,
    "name": "Granola Avena Chocolate Special K KELLOGG'S",
    "description": "Granola Avena Chocolate Special K 320 Gr",
    "category": "Muesli",
    "url": "https://tienda.consum.es/es/p/granola-avena-chocolate-special-k/7405269",
    "price": 2.65,
    "reference_price": 8.28,
    "iva": 10,
    "reference_unit": "1 Kg",
    "date": "2023-01-17"
  },
  {
    "id": 29919,
    "name": "Pechuga Pollo Marinada al Ajillo ALDELIS",
    "description": "Pechuga Pollo Marinada al Ajillo",
    "category": "Aves y conejo",
    "url": "https://tienda.consum.es/es/p/pechuga-pollo-marinada-al-ajillo/7405277",
    "price": 3.73,
    "reference_price": 8.29,
    "iva": 10,
    "reference_unit": "1 Kg",
    "date": "2023-01-17"
  },
  {
    "id": 29920,
    "name": "Crema de Arroz Sin Gluten y sin Azucar HERO",
    "description": "Crema de Arroz Sin Gluten y sin Azucar 220 Gr",
    "category": "Alimentación infantil",
    "url": "https://tienda.consum.es/es/p/crema-de-arroz-sin-gluten-y-sin-azucar/7405285",
    "price": 2.25,
    "reference_price": 10.23,
    "iva": 10,
    "reference_unit": "1 Kg",
    "date": "2023-01-17"
  },
  {
    "id": 29922,
    "name": "Champú Infantil CONSUM KIDS",
    "description": "Champú Infantil 500 ml",
    "category": "Gel y champú",
    "url": "https://tienda.consum.es/es/p/champu-infantil/7375702",
    "price": 1.95,
    "reference_price": 0.39,
    "iva": 21,
    "reference_unit": "100 ml",
    "date": "2023-01-17"
  },
  {
    "id": 29923,
    "name": "Bebida Láctea Sabor Fresa Sin Lactosa CONSUM",
    "description": "Bebida Láctea Sabor Fresa Sin Lactosa 4 x 160 Gr",
    "category": "Yogures especial salud",
    "url": "https://tienda.consum.es/es/p/bebida-lactea-sabor-fresa-sin-lactosa/7391076",
    "price": 1.95,
    "reference_price": 3.05,
    "iva": 10,
    "reference_unit": "1 Kg",
    "date": "2023-01-17"
  },
  {
    "id": 29924,
    "name": "Limpiahogar Ph Neutro Aire Fresco CONSUM",
    "description": "Limpiahogar Ph Neutro Aire Fresco 1,5 L",
    "category": "Limpieza hogar",
    "url": "https://tienda.consum.es/es/p/limpiahogar-ph-neutro-aire-fresco/7392749",
    "price": 1.5,
    "reference_price": 1,
    "iva": 21,
    "reference_unit": "1 L",
    "date": "2023-01-17"
  },
  {
    "id": 29925,
    "name": "Bebida Láctea Natural con Azúcar de Caña CONSUM",
    "description": "Bebida Láctea Natural con Azúcar de Caña 12 x 100 Gr",
    "category": "Yogures líquidos",
    "url": "https://tienda.consum.es/es/p/bebida-lactea-natural-con-azucar-de-cana/7397086",
    "price": 2.55,
    "reference_price": 2.13,
    "iva": 10,
    "reference_unit": "1 Kg",
    "date": "2023-01-17"
  },
  {
    "id": 29926,
    "name": "Bebida Láctea con Fresa CONSUM",
    "description": "Bebida Láctea con Fresa 12 x 100 Gr",
    "category": "Yogures líquidos",
    "url": "https://tienda.consum.es/es/p/bebida-lactea-con-fresa/7397094",
    "price": 2.55,
    "reference_price": 2.13,
    "iva": 10,
    "reference_unit": "1 Kg",
    "date": "2023-01-17"
  },
  {
    "id": 29927,
    "name": "Jugoso al Horno Receta Mediterránea MAGGI",
    "description": "Jugoso al Horno Receta Mediterránea 31 Gr",
    "category": "Sazonadores",
    "url": "https://tienda.consum.es/es/p/jugoso-al-horno-receta-mediterranea/7403186",
    "price": 1.19,
    "reference_price": 3.84,
    "iva": 10,
    "reference_unit": "100 Gr",
    "date": "2023-01-17"
  },
  {
    "id": 29930,
    "name": "Detergente Power Caps WIPP",
    "description": "Detergente Power Caps 33 Lv",
    "category": "Máquina pastilla",
    "url": "https://tienda.consum.es/es/p/detergente-power-caps/7403913",
    "price": 9.99,
    "reference_price": 0.3,
    "iva": 21,
    "reference_unit": "1 Lv",
    "date": "2023-01-17"
  },
  {
    "id": 29933,
    "name": "Aceite de Oliva Virgen Extra Coosur HOJIBLANCA",
    "description": "Aceite de Oliva Virgen Extra Coosur 1 L",
    "category": "Aceite de oliva virgen y virgen extra",
    "url": "https://tienda.consum.es/es/p/aceite-de-oliva-virgen-extra-coosur/7404523",
    "price": 7.21,
    "reference_price": 7.21,
    "iva": 5,
    "reference_unit": "1 L",
    "date": "2023-01-17"
  },
  {
    "id": 29941,
    "name": "Rosquilleta Artesana Sabor Pesto VELARTE",
    "description": "Rosquilleta Artesana Sabor Pesto 80 Gr",
    "category": "Rosquilletas, picos y snacks",
    "url": "https://tienda.consum.es/es/p/rosquilleta-artesana-sabor-pesto/7404825",
    "price": 1.09,
    "reference_price": 13.63,
    "iva": 10,
    "reference_unit": "1 Kg",
    "date": "2023-01-17"
  },
  {
    "id": 29942,
    "name": "Chuletón de Cerdo Ibérico EL POZO",
    "description": "Chuletón de Cerdo Ibérico",
    "category": "Cerdo",
    "url": "https://tienda.consum.es/es/p/chuleton-de-cerdo-iberico/7404853",
    "price": 2.07,
    "reference_price": 14.29,
    "iva": 10,
    "reference_unit": "1 Kg",
    "date": "2023-01-17"
  },
  {
    "id": 29943,
    "name": "Palo 140 cm Colors MIK",
    "description": "Palo 140 cm Colors 1 U",
    "category": "Fregonas",
    "url": "https://tienda.consum.es/es/p/palo-140-cm-colors/7404879",
    "price": 1.75,
    "reference_price": 1.75,
    "iva": 21,
    "reference_unit": "1 U",
    "date": "2023-01-17"
  },
  {
    "id": 29944,
    "name": "Loción After Shave Aqua Velva WILLIAMS",
    "description": "Loción After Shave Aqua Velva 100 ml",
    "category": "Después afeitado",
    "url": "https://tienda.consum.es/es/p/locion-after-shave-aqua-velva/7405009",
    "price": 3.55,
    "reference_price": 3.55,
    "iva": 21,
    "reference_unit": "100 ml",
    "date": "2023-01-17"
  },
  {
    "id": 29945,
    "name": "Polvera Brillos Labiales DISNEY",
    "description": "Polvera Brillos Labiales 1 U",
    "category": "Estuches",
    "url": "https://tienda.consum.es/es/p/polvera-brillos-labiales/7405017",
    "price": 4.95,
    "reference_price": 4.95,
    "iva": 21,
    "reference_unit": "1 U",
    "date": "2023-01-17"
  },
  {
    "id": 29946,
    "name": "Estuche Colorido HELLO KITTY",
    "description": "Estuche Colorido 1 U",
    "category": "Estuches",
    "url": "https://tienda.consum.es/es/p/estuche-colorido/7405020",
    "price": 11.5,
    "reference_price": 11.5,
    "iva": 21,
    "reference_unit": "1 U",
    "date": "2023-01-17"
  },
  {
    "id": 29947,
    "name": "Kit Depilación Men Zonas Sensibles VEET",
    "description": "Kit Depilación Men Zonas Sensibles 1 U",
    "category": "Crema, gel y spray",
    "url": "https://tienda.consum.es/es/p/kit-depilacion-men-zonas-sensibles/7405025",
    "price": 5.99,
    "reference_price": 5.99,
    "iva": 21,
    "reference_unit": "1 U",
    "date": "2023-01-17"
  },
  {
    "id": 29948,
    "name": "Snack Dental Perro Green BIOZOO",
    "description": "Snack Dental Perro Green 160 Gr",
    "category": "Snacks",
    "url": "https://tienda.consum.es/es/p/snack-dental-perro-green/7405111",
    "price": 1.15,
    "reference_price": 7.19,
    "iva": 10,
    "reference_unit": "1 Kg",
    "date": "2023-01-17"
  },
  {
    "id": 29949,
    "name": "Leche de Oveja Semidesnatada Brik GAZA",
    "description": "Leche de Oveja Semidesnatada Brik 1 L",
    "category": "Leches especiales",
    "url": "https://tienda.consum.es/es/p/leche-de-oveja-semidesnatada-brik/7405173",
    "price": 2.26,
    "reference_price": 2.26,
    "iva": 0,
    "reference_unit": "1 L",
    "date": "2023-01-17"
  },
  {
    "id": 29951,
    "name": "Fideos Yakisoba TA-TUNG",
    "description": "Fideos Yakisoba 300 Gr",
    "category": "Asiático",
    "url": "https://tienda.consum.es/es/p/fideos-yakisoba/7405264",
    "price": 3.85,
    "reference_price": 12.83,
    "iva": 10,
    "reference_unit": "1 Kg",
    "date": "2023-01-17"
  },
  {
    "id": 29952,
    "name": "Edulcorante Eritritol NATURWASSY",
    "description": "Edulcorante Eritritol 200 Gr",
    "category": "Edulcorantes",
    "url": "https://tienda.consum.es/es/p/edulcorante-eritritol/7405298",
    "price": 3.3,
    "reference_price": 16.5,
    "iva": 10,
    "reference_unit": "1 Kg",
    "date": "2023-01-17"
  },
  {
    "id": 29953,
    "name": "Vino Tinto Crianza D.O. Rioja VIÑA POMAL",
    "description": "Vino Tinto Crianza D.O. Rioja 0,75 L",
    "category": "Vinos d.o",
    "url": "https://tienda.consum.es/es/p/vino-tinto-crianza-do-rioja/7405335",
    "price": 8.45,
    "reference_price": 11.27,
    "iva": 21,
    "reference_unit": "1 L",
    "date": "2023-01-17"
  },
  {
    "id": 29955,
    "name": "Palo Octogonal 140 cm MIK",
    "description": "Palo Octogonal 140 cm 1 U",
    "category": "Fregonas",
    "url": "https://tienda.consum.es/es/p/palo-octogonal-140-cm/7405439",
    "price": 2.19,
    "reference_price": 2.19,
    "iva": 21,
    "reference_unit": "1 U",
    "date": "2023-01-17"
  },
  {
    "id": 29956,
    "name": "Vino Rosado LATA PEÑASCAL",
    "description": "Vino Rosado LATA 250 ml",
    "category": "Vinos de aguja",
    "url": "https://tienda.consum.es/es/p/vino-rosado-lata/7405462",
    "price": 1.69,
    "reference_price": 6.76,
    "iva": 21,
    "reference_unit": "1 L",
    "date": "2023-01-17"
  },
  {
    "id": 29957,
    "name": "Nuggets de Pollo congelados FRIPOZO",
    "description": "Nuggets de Pollo congelados 300 Gr",
    "category": "Platos preparados",
    "url": "https://tienda.consum.es/es/p/nuggets-de-pollo-congelados/7405822",
    "price": 1.95,
    "reference_price": 6.5,
    "iva": 10,
    "reference_unit": "1 Kg",
    "date": "2023-01-17"
  },
  {
    "id": 29958,
    "name": "Jamón Cocido Extra Corte Charcutería CONSUM",
    "description": "Jamón Cocido Extra Corte Charcutería 200 Gr",
    "category": "Jamón cocido - york",
    "url": "https://tienda.consum.es/es/p/jamon-cocido-extra-corte-charcuteria/7367787",
    "price": 2.3,
    "reference_price": 11.5,
    "iva": 10,
    "reference_unit": "1 Kg",
    "date": "2023-01-17"
  },
  {
    "id": 29959,
    "name": "Pechuga de Pavo Extra Corte Charcutería CONSUM",
    "description": "Pechuga de Pavo Extra Corte Charcutería 140 Gr",
    "category": "Fiambres ave",
    "url": "https://tienda.consum.es/es/p/pechuga-de-pavo-extra-corte-charcuteria/7372191",
    "price": 2.65,
    "reference_price": 18.93,
    "iva": 10,
    "reference_unit": "1 Kg",
    "date": "2023-01-17"
  },
  {
    "id": 29960,
    "name": "Filete de Gallineta ",
    "description": "Filete de Gallineta",
    "category": "Pescado en bandeja",
    "url": "https://tienda.consum.es/es/p/filete-de-gallineta/7384811",
    "price": 3.05,
    "reference_price": 10.9,
    "iva": 10,
    "reference_unit": "1 Kg",
    "date": "2023-01-17"
  },
  {
    "id": 29961,
    "name": "Pata de Pulpo Cocido En su jugo ",
    "description": "Pata de Pulpo Cocido En su jugo 300 Gr",
    "category": "Pescado en bandeja",
    "url": "https://tienda.consum.es/es/p/pata-de-pulpo-cocido-en-su-jugo/7387558",
    "price": 12.5,
    "reference_price": 41.67,
    "iva": 10,
    "reference_unit": "1 Kg",
    "date": "2023-01-17"
  },
  {
    "id": 29962,
    "name": "Filete Salmón Bandeja Noruego ",
    "description": "Filete Salmón Bandeja Noruego",
    "category": "Pescado en bandeja",
    "url": "https://tienda.consum.es/es/p/filete-salmon-bandeja-noruego/7388671",
    "price": 3.56,
    "reference_price": 20.95,
    "iva": 10,
    "reference_unit": "1 Kg",
    "date": "2023-01-17"
  },
  {
    "id": 29963,
    "name": "Tajada Sandia CONSUM",
    "description": "Tajada Sandia 150 Gr",
    "category": "Chicles, caramelos y gominolas",
    "url": "https://tienda.consum.es/es/p/tajada-sandia/7390342",
    "price": 0.89,
    "reference_price": 5.93,
    "iva": 10,
    "reference_unit": "1 Kg",
    "date": "2023-01-17"
  },
  {
    "id": 29964,
    "name": "Mix Regaliz CONSUM",
    "description": "Mix Regaliz 150 Gr",
    "category": "Chicles, caramelos y gominolas",
    "url": "https://tienda.consum.es/es/p/mix-regaliz/7390354",
    "price": 0.89,
    "reference_price": 5.93,
    "iva": 10,
    "reference_unit": "1 Kg",
    "date": "2023-01-17"
  },
  {
    "id": 29970,
    "name": "Colonia Arôme De Fleur Vetiver CARAVAN",
    "description": "Colonia Arôme De Fleur Vetiver 150 ml",
    "category": "Masculinas",
    "url": "https://tienda.consum.es/es/p/colonia-arome-de-fleur-vetiver/7403926",
    "price": 6.95,
    "reference_price": 4.63,
    "iva": 21,
    "reference_unit": "100 ml",
    "date": "2023-01-17"
  },
  {
    "id": 29971,
    "name": "Colonia Arôme De Fleur Cedro CARAVAN",
    "description": "Colonia Arôme De Fleur Cedro 150 ml",
    "category": "Masculinas",
    "url": "https://tienda.consum.es/es/p/colonia-arome-de-fleur-cedro/7403934",
    "price": 6.95,
    "reference_price": 4.63,
    "iva": 21,
    "reference_unit": "100 ml",
    "date": "2023-01-17"
  },
  {
    "id": 29975,
    "name": "Mixer Berry Lata ROYAL BLISS",
    "description": "Mixer Berry Lata 0,25 L",
    "category": "Tónica",
    "url": "https://tienda.consum.es/es/p/mixer-berry-lata/7404184",
    "price": 0.79,
    "reference_price": 3.16,
    "iva": 21,
    "reference_unit": "1 L",
    "date": "2023-01-17"
  },
  {
    "id": 29979,
    "name": "Hogaza Maíz Semillas Calabaza y Girasol ",
    "description": "Hogaza Maíz Semillas Calabaza y Girasol 400 Gr",
    "category": "Pan de molde y rebanado",
    "url": "https://tienda.consum.es/es/p/hogaza-maiz-semillas-calabaza-y-girasol/7404569",
    "price": 2.19,
    "reference_price": 5.48,
    "iva": 10,
    "reference_unit": "1 Kg",
    "date": "2023-01-17"
  },
  {
    "id": 29981,
    "name": "Huevo L/XL Docena MONTERDE",
    "description": "Huevo L/XL Docena 1 Dc",
    "category": "Huevos",
    "url": "https://tienda.consum.es/es/p/huevo-l/xl-docena/7405038",
    "price": 2.88,
    "reference_price": 2.88,
    "iva": 0,
    "reference_unit": "1 Dc",
    "date": "2023-01-17"
  },
  {
    "id": 29982,
    "name": "Hojaldre Hortalizas con Guisantes ",
    "description": "Hojaldre Hortalizas con Guisantes 420 Gr",
    "category": "Empanadillas",
    "url": "https://tienda.consum.es/es/p/hojaldre-hortalizas-con-guisantes/7405090",
    "price": 3.59,
    "reference_price": 8.55,
    "iva": 10,
    "reference_unit": "1 Kg",
    "date": "2023-01-17"
  },
  {
    "id": 29986,
    "name": "Cava Benjamín D.O. Cava CODORNIU",
    "description": "Cava Benjamín D.O. Cava 3 x 200 ml",
    "category": "Cavas y sidras",
    "url": "https://tienda.consum.es/es/p/cava-benjamin-do-cava/7405343",
    "price": 5.39,
    "reference_price": 8.98,
    "iva": 21,
    "reference_unit": "1 L",
    "date": "2023-01-17"
  },
  {
    "id": 29990,
    "name": "Chocolate Original FERRERO",
    "description": "Chocolate Original 90 Gr",
    "category": "Tabletas",
    "url": "https://tienda.consum.es/es/p/chocolate-original/7405418",
    "price": 2.19,
    "reference_price": 24.33,
    "iva": 10,
    "reference_unit": "1 Kg",
    "date": "2023-01-17"
  },
  {
    "id": 29991,
    "name": "Chocolate Dark 55% FERRERO",
    "description": "Chocolate Dark 55% 90 Gr",
    "category": "Tabletas",
    "url": "https://tienda.consum.es/es/p/chocolate-dark-55/7405421",
    "price": 2.19,
    "reference_price": 24.33,
    "iva": 10,
    "reference_unit": "1 Kg",
    "date": "2023-01-17"
  },
  {
    "id": 29992,
    "name": "Chocolate Coco Almendra RAFFAELLO",
    "description": "Chocolate Coco Almendra 90 Gr",
    "category": "Tabletas",
    "url": "https://tienda.consum.es/es/p/chocolate-coco-almendra/7405426",
    "price": 2.19,
    "reference_price": 24.33,
    "iva": 10,
    "reference_unit": "1 Kg",
    "date": "2023-01-17"
  },
  {
    "id": 29993,
    "name": "Rodaja Atun ",
    "description": "Rodaja Atun",
    "category": "Pescado en bandeja",
    "url": "https://tienda.consum.es/es/p/rodaja-atun/7405447",
    "price": 4.13,
    "reference_price": 22.9,
    "iva": 10,
    "reference_unit": "1 Kg",
    "date": "2023-01-17"
  },
  {
    "id": 29994,
    "name": "Rodaja Emperador ",
    "description": "Rodaja Emperador",
    "category": "Pescado en bandeja",
    "url": "https://tienda.consum.es/es/p/rodaja-emperador/7405459",
    "price": 3.68,
    "reference_price": 20.45,
    "iva": 10,
    "reference_unit": "1 Kg",
    "date": "2023-01-17"
  },
  {
    "id": 29995,
    "name": "Aceite de Coco Virgen Extra Ecológico LA ESPAÑOLA",
    "description": "Aceite de Coco Virgen Extra Ecológico 375 ml",
    "category": "Otros aceites",
    "url": "https://tienda.consum.es/es/p/aceite-de-coco-virgen-extra-ecologico/7405467",
    "price": 4.76,
    "reference_price": 12.69,
    "iva": 5,
    "reference_unit": "1 L",
    "date": "2023-01-17"
  },
  {
    "id": 29996,
    "name": "Queso Manchego Curado D.O.P DON JULIÁN",
    "description": "Queso Manchego Curado D.O.P",
    "category": "Quesos Curados",
    "url": "https://tienda.consum.es/es/p/queso-manchego-curado-dop/7405475",
    "price": 22.02,
    "reference_price": 22.02,
    "iva": 0,
    "reference_unit": "1 Kg",
    "date": "2023-01-17"
  },
  {
    "id": 29999,
    "name": "Pisto Casero de Verduras Frasco G.BLANCA",
    "description": "Pisto Casero de Verduras Frasco 350 Gr",
    "category": "Tomate",
    "url": "https://tienda.consum.es/es/p/pisto-casero-de-verduras-frasco/7405517",
    "price": 1.89,
    "reference_price": 5.4,
    "iva": 10,
    "reference_unit": "1 Kg",
    "date": "2023-01-17"
  },
  {
    "id": 30002,
    "name": "Galleta Mini Cookies Licencia MAXIES",
    "description": "Galleta Mini Cookies Licencia 250 Gr",
    "category": "Desayuno y merienda infantil",
    "url": "https://tienda.consum.es/es/p/galleta-mini-cookies-licencia/7405611",
    "price": 2.19,
    "reference_price": 8.76,
    "iva": 10,
    "reference_unit": "1 Kg",
    "date": "2023-01-17"
  },
  {
    "id": 30005,
    "name": "Barrita de Galleta Chocolate con Leche NESTLE",
    "description": "Barrita de Galleta Chocolate con Leche 6 x 18 Gr",
    "category": "Chocolatinas y bombones",
    "url": "https://tienda.consum.es/es/p/barrita-de-galleta-chocolate-con-leche/7405637",
    "price": 1.15,
    "reference_price": 10.65,
    "iva": 10,
    "reference_unit": "1 Kg",
    "date": "2023-01-17"
  },
  {
    "id": 30028,
    "name": "Salero 0% Sodio ARANCA",
    "description": "Salero 0% Sodio 250 Gr",
    "category": "Sal y especias",
    "url": "https://tienda.consum.es/es/p/salero-0-sodio/7405801",
    "price": 3.25,
    "reference_price": 13,
    "iva": 10,
    "reference_unit": "1 Kg",
    "date": "2023-01-17"
  },
  {
    "id": 30030,
    "name": "Sartén Orbe 20 cm MAGEFESA",
    "description": "Sartén Orbe 20 cm 1 U",
    "category": "Menaje cocina",
    "url": "https://tienda.consum.es/es/p/sarten-orbe-20-cm/7405843",
    "price": 11.5,
    "reference_price": 11.5,
    "iva": 21,
    "reference_unit": "1 U",
    "date": "2023-01-17"
  },
  {
    "id": 30031,
    "name": "Sartén Orbe 26 cm MAGEFESA",
    "description": "Sartén Orbe 26 cm 1 U",
    "category": "Menaje cocina",
    "url": "https://tienda.consum.es/es/p/sarten-orbe-26-cm/7405850",
    "price": 14.5,
    "reference_price": 14.5,
    "iva": 21,
    "reference_unit": "1 U",
    "date": "2023-01-17"
  },
  {
    "id": 30032,
    "name": "Alcohol De Cannabis Spray BIOGLOW",
    "description": "Alcohol De Cannabis Spray 125 ml",
    "category": "Alcohol, agua oxigenada y otros",
    "url": "https://tienda.consum.es/es/p/alcohol-de-cannabis-spray/7405863",
    "price": 1.99,
    "reference_price": 1.59,
    "iva": 21,
    "reference_unit": "100 ml",
    "date": "2023-01-17"
  },
  {
    "id": 30047,
    "name": "Tomate Triturado Ecológico CONSUM",
    "description": "Tomate Triturado Ecológico 400 Gr",
    "category": "Tomate",
    "url": "https://tienda.consum.es/es/p/tomate-triturado-ecologico/7395502",
    "price": 0.85,
    "reference_price": 2.13,
    "iva": 10,
    "reference_unit": "1 Kg",
    "date": "2023-01-17"
  },
  {
    "id": 30048,
    "name": "Limpiador Antical Pistola CONSUM",
    "description": "Limpiador Antical Pistola 750 ml",
    "category": "Antical",
    "url": "https://tienda.consum.es/es/p/limpiador-antical-pistola/7396620",
    "price": 1.65,
    "reference_price": 2.2,
    "iva": 21,
    "reference_unit": "1 L",
    "date": "2023-01-17"
  },
  {
    "id": 30051,
    "name": "Tendedero con Alas Plegable LIFESTORY",
    "description": "Tendedero con Alas Plegable 1 U",
    "category": "Útiles de limpieza",
    "url": "https://tienda.consum.es/es/p/tendedero-con-alas-plegable/7405046",
    "price": 36.5,
    "reference_price": 36.5,
    "iva": 21,
    "reference_unit": "1 U",
    "date": "2023-01-17"
  },
  {
    "id": 30052,
    "name": "Leche Semi sin Lactosa Minibrick Pack de 3 ASTURIANA",
    "description": "Leche Semi sin Lactosa Minibrick Pack de 3 3 x 200 ml",
    "category": "Semidesnatada",
    "url": "https://tienda.consum.es/es/p/leche-semi-sin-lactosa-minibrick-pack-de-3/7405103",
    "price": 1.25,
    "reference_price": 2.08,
    "iva": 0,
    "reference_unit": "1 L",
    "date": "2023-01-17"
  },
  {
    "id": 30054,
    "name": "Snack Gato Adulto Gourmet Nature Pollo PURINA",
    "description": "Snack Gato Adulto Gourmet Nature Pollo 5 x 10 Gr",
    "category": "Snacks",
    "url": "https://tienda.consum.es/es/p/snack-gato-adulto-gourmet-nature-pollo/7405327",
    "price": 2.49,
    "reference_price": 49.8,
    "iva": 10,
    "reference_unit": "1 Kg",
    "date": "2023-01-17"
  },
  {
    "id": 30061,
    "name": "Salchichas Big Classic EL POZO",
    "description": "Salchichas Big Classic 3 x 200 Gr",
    "category": "Salchichas",
    "url": "https://tienda.consum.es/es/p/salchichas-big-classic/7405819",
    "price": 2.5,
    "reference_price": 4.17,
    "iva": 10,
    "reference_unit": "1 Kg",
    "date": "2023-01-17"
  },
  {
    "id": 30062,
    "name": "Asador Cuadrado 28 cm Alto MAGEFESA",
    "description": "Asador Cuadrado 28 cm Alto 1 U",
    "category": "Menaje cocina",
    "url": "https://tienda.consum.es/es/p/asador-cuadrado-28-cm-alto/7405830",
    "price": 18.5,
    "reference_price": 18.5,
    "iva": 21,
    "reference_unit": "1 U",
    "date": "2023-01-17"
  },
  {
    "id": 30063,
    "name": "Sartén Orbe 24 cm MAGEFESA",
    "description": "Sartén Orbe 24 cm 1 U",
    "category": "Menaje cocina",
    "url": "https://tienda.consum.es/es/p/sarten-orbe-24-cm/7405848",
    "price": 12.5,
    "reference_price": 12.5,
    "iva": 21,
    "reference_unit": "1 U",
    "date": "2023-01-17"
  },
  {
    "id": 30064,
    "name": "Cochinita Pibil PEKIS",
    "description": "Cochinita Pibil 180 Gr",
    "category": "Cocina internacional",
    "url": "https://tienda.consum.es/es/p/cochinita-pibil/7405918",
    "price": 2.95,
    "reference_price": 16.39,
    "iva": 10,
    "reference_unit": "1 Kg",
    "date": "2023-01-17"
  },
  {
    "id": 30065,
    "name": "Pollo con Jalapeños PEKIS",
    "description": "Pollo con Jalapeños 180 Gr",
    "category": "Cocina internacional",
    "url": "https://tienda.consum.es/es/p/pollo-con-jalapenos/7405921",
    "price": 2.95,
    "reference_price": 16.39,
    "iva": 10,
    "reference_unit": "1 Kg",
    "date": "2023-01-17"
  },
  {
    "id": 30066,
    "name": "Pañal Bebé Seco Talla 3 De 6 Kg a 10 Kg DODOT",
    "description": "Pañal Bebé Seco Talla 3 De 6 Kg a 10 Kg 78 U",
    "category": "Bebé: Talla de 0 a 3",
    "url": "https://tienda.consum.es/es/p/panal-bebe-seco-talla-3-de-6-kg-a-10-kg/7405934",
    "price": 18.95,
    "reference_price": 0.24,
    "iva": 21,
    "reference_unit": "1 U",
    "date": "2023-01-17"
  },
  {
    "id": 30067,
    "name": "Pañal Bebé Seco Talla 4 De 9 Kg a 14 Kg DODOT",
    "description": "Pañal Bebé Seco Talla 4 De 9 Kg a 14 Kg 72 U",
    "category": "Junior: Talla de 4 a 6",
    "url": "https://tienda.consum.es/es/p/panal-bebe-seco-talla-4-de-9-kg-a-14-kg/7405939",
    "price": 18.95,
    "reference_price": 0.26,
    "iva": 21,
    "reference_unit": "1 U",
    "date": "2023-01-17"
  },
  {
    "id": 30068,
    "name": "Pañal Bebé Seco Talla 5 De 11 Kg a 16 Kg DODOT",
    "description": "Pañal Bebé Seco Talla 5 De 11 Kg a 16 Kg 68 U",
    "category": "Junior: Talla de 4 a 6",
    "url": "https://tienda.consum.es/es/p/panal-bebe-seco-talla-5-de-11-kg-a-16-kg/7405942",
    "price": 18.95,
    "reference_price": 0.28,
    "iva": 21,
    "reference_unit": "1 U",
    "date": "2023-01-17"
  },
  {
    "id": 30071,
    "name": "Takis Fuego Sabor Chile y Lima TAKIS EAGLE",
    "description": "Takis Fuego Sabor Chile y Lima 140 Gr",
    "category": "Snacks y otros aperitivos",
    "url": "https://tienda.consum.es/es/p/takis-fuego-sabor-chile-y-lima/7406168",
    "price": 2.25,
    "reference_price": 16.07,
    "iva": 10,
    "reference_unit": "1 Kg",
    "date": "2023-01-17"
  },
  {
    "id": 30073,
    "name": "Rapiditas Clásicas 8 Unidades BIMBO",
    "description": "Rapiditas Clásicas 8 Unidades 168 Gr",
    "category": "Panes especiales",
    "url": "https://tienda.consum.es/es/p/rapiditas-clasicas-8-unidades/7406309",
    "price": 1.65,
    "reference_price": 9.82,
    "iva": 10,
    "reference_unit": "1 Kg",
    "date": "2023-01-17"
  },
  {
    "id": 30074,
    "name": "Bagels Brioche 4 Unidades BIMBO",
    "description": "Bagels Brioche 4 Unidades 300 Gr",
    "category": "Panes especiales",
    "url": "https://tienda.consum.es/es/p/bagels-brioche-4-unidades/7406317",
    "price": 2.49,
    "reference_price": 8.3,
    "iva": 10,
    "reference_unit": "1 Kg",
    "date": "2023-01-17"
  },
  {
    "id": 30076,
    "name": "Crema Orujo Light RUAVIEJA",
    "description": "Crema Orujo Light 0,7 L",
    "category": "Licores y vermouth",
    "url": "https://tienda.consum.es/es/p/crema-orujo-light/7406411",
    "price": 11.9,
    "reference_price": 17,
    "iva": 21,
    "reference_unit": "1 L",
    "date": "2023-01-17"
  },
  {
    "id": 30077,
    "name": "Detergente Capsulas Ultimate SKIP",
    "description": "Detergente Capsulas Ultimate 16 Lv",
    "category": "Máquina pastilla",
    "url": "https://tienda.consum.es/es/p/detergente-capsulas-ultimate/7406416",
    "price": 7.1,
    "reference_price": 0.44,
    "iva": 21,
    "reference_unit": "1 Lv",
    "date": "2023-01-17"
  },
  {
    "id": 30078,
    "name": "Fresón Relleno CONSUM",
    "description": "Fresón Relleno 150 Gr",
    "category": "Chicles, caramelos y gominolas",
    "url": "https://tienda.consum.es/es/p/freson-relleno/7390347",
    "price": 0.89,
    "reference_price": 5.93,
    "iva": 10,
    "reference_unit": "1 Kg",
    "date": "2023-01-17"
  },
  {
    "id": 30079,
    "name": "Girasoles Setas & Mascarpone CONSUM",
    "description": "Girasoles Setas & Mascarpone 250 Gr",
    "category": "Pasta fresca",
    "url": "https://tienda.consum.es/es/p/girasoles-setas-mascarpone/7395689",
    "price": 2.24,
    "reference_price": 8.96,
    "iva": 5,
    "reference_unit": "1 Kg",
    "date": "2023-01-17"
  },
  {
    "id": 30080,
    "name": "Girasoles Queso Cabra & Miel CONSUM",
    "description": "Girasoles Queso Cabra & Miel 250 Gr",
    "category": "Pasta fresca",
    "url": "https://tienda.consum.es/es/p/girasoles-queso-cabra-miel/7395692",
    "price": 2.24,
    "reference_price": 8.96,
    "iva": 5,
    "reference_unit": "1 Kg",
    "date": "2023-01-17"
  },
  {
    "id": 30081,
    "name": "Plato Reutilizable 22 cm Color Verde REU SMART",
    "description": "Plato Reutilizable 22 cm Color Verde 10 U",
    "category": "Decoración y fiestas",
    "url": "https://tienda.consum.es/es/p/plato-reutilizable-22-cm-color-verde/7403017",
    "price": 5.49,
    "reference_price": 0.55,
    "iva": 21,
    "reference_unit": "1 U",
    "date": "2023-01-17"
  },
  {
    "id": 30082,
    "name": "Vaso Reutilizable Color Verde REU SMART",
    "description": "Vaso Reutilizable Color Verde 8 U",
    "category": "Decoración y fiestas",
    "url": "https://tienda.consum.es/es/p/vaso-reutilizable-color-verde/7403020",
    "price": 3.29,
    "reference_price": 0.41,
    "iva": 21,
    "reference_unit": "1 U",
    "date": "2023-01-17"
  },
  {
    "id": 30083,
    "name": "Detergente Power Caps Floral WIPP",
    "description": "Detergente Power Caps Floral 33 Lv",
    "category": "Máquina pastilla",
    "url": "https://tienda.consum.es/es/p/detergente-power-caps-floral/7403918",
    "price": 9.99,
    "reference_price": 0.3,
    "iva": 21,
    "reference_unit": "1 Lv",
    "date": "2023-01-17"
  },
  {
    "id": 30084,
    "name": "Bayeta Microfibra Multiusos SPONTEX",
    "description": "Bayeta Microfibra Multiusos 10 U",
    "category": "Bayetas, gamuzas y plumeros",
    "url": "https://tienda.consum.es/es/p/bayeta-microfibra-multiusos/7404270",
    "price": 4.89,
    "reference_price": 0.49,
    "iva": 21,
    "reference_unit": "1 U",
    "date": "2023-01-17"
  },
  {
    "id": 30086,
    "name": "Nuez Cáscara Nacional Malla LA NOGUERA",
    "description": "Nuez Cáscara Nacional Malla 500 Gr",
    "category": "Nueces",
    "url": "https://tienda.consum.es/es/p/nuez-cascara-nacional-malla/7405350",
    "price": 3.84,
    "reference_price": 7.68,
    "iva": 0,
    "reference_unit": "1 Kg",
    "date": "2023-01-17"
  },
  {
    "id": 30087,
    "name": "Nuez Grano Nacional Bolsa LA NOGUERA",
    "description": "Nuez Grano Nacional Bolsa 120 Gr",
    "category": "Nueces",
    "url": "https://tienda.consum.es/es/p/nuez-grano-nacional-bolsa/7405363",
    "price": 2.78,
    "reference_price": 23.17,
    "iva": 0,
    "reference_unit": "1 Kg",
    "date": "2023-01-17"
  },
  {
    "id": 30089,
    "name": "Pepinillos Laminados Agridulces RIOVERDE",
    "description": "Pepinillos Laminados Agridulces 290 Gr",
    "category": "Pepinillos",
    "url": "https://tienda.consum.es/es/p/pepinillos-laminados-agridulces/7405525",
    "price": 1.99,
    "reference_price": 6.86,
    "iva": 10,
    "reference_unit": "1 Kg",
    "date": "2023-01-17"
  },
  {
    "id": 30090,
    "name": "Surtido de Setas Ánfora CELORRIO",
    "description": "Surtido de Setas Ánfora 155 Gr",
    "category": "Setas y champiñones",
    "url": "https://tienda.consum.es/es/p/surtido-de-setas-anfora/7405538",
    "price": 1.59,
    "reference_price": 10.26,
    "iva": 10,
    "reference_unit": "1 Kg",
    "date": "2023-01-17"
  },
  {
    "id": 30091,
    "name": "Patatas Fritas Gourmet Extra Crujientes FRITOPER",
    "description": "Patatas Fritas Gourmet Extra Crujientes 180 Gr",
    "category": "Patatas fritas",
    "url": "https://tienda.consum.es/es/p/patatas-fritas-gourmet-extra-crujientes/7405541",
    "price": 1.99,
    "reference_price": 11.06,
    "iva": 10,
    "reference_unit": "1 Kg",
    "date": "2023-01-17"
  },
  {
    "id": 30093,
    "name": "Tiras de Lomo Sureñas congeladas FRIPOZO",
    "description": "Tiras de Lomo Sureñas congeladas 250 Gr",
    "category": "Carne, verduras y otros",
    "url": "https://tienda.consum.es/es/p/tiras-de-lomo-surenas-congeladas/7406130",
    "price": 3.15,
    "reference_price": 12.6,
    "iva": 10,
    "reference_unit": "1 Kg",
    "date": "2023-01-17"
  },
  {
    "id": 30094,
    "name": "Tortila Vegana REVOLU GREEN",
    "description": "Tortila Vegana 200 Gr",
    "category": "Veganos",
    "url": "https://tienda.consum.es/es/p/tortila-vegana/7406148",
    "price": 1.49,
    "reference_price": 7.45,
    "iva": 10,
    "reference_unit": "1 Kg",
    "date": "2023-01-17"
  },
  {
    "id": 30095,
    "name": "Babero Semirígido 6 Meses TIGEX",
    "description": "Babero Semirígido 6 Meses 1 U",
    "category": "Puericultura",
    "url": "https://tienda.consum.es/es/p/babero-semirigido-6-meses/7406150",
    "price": 3.8,
    "reference_price": 3.8,
    "iva": 21,
    "reference_unit": "1 U",
    "date": "2023-01-17"
  },
  {
    "id": 30096,
    "name": "Cola de Gambón Pelada congelada WOFCO",
    "description": "Cola de Gambón Pelada congelada 400 Gr",
    "category": "Pescados y mariscos",
    "url": "https://tienda.consum.es/es/p/cola-de-gambon-pelada-congelada/7406226",
    "price": 12.5,
    "reference_price": 31.25,
    "iva": 10,
    "reference_unit": "1 Kg",
    "date": "2023-01-17"
  },
  {
    "id": 30097,
    "name": "Atún en Aceite de Oliva Pack de 3 ISABEL",
    "description": "Atún en Aceite de Oliva Pack de 3 3 x 52 Gr",
    "category": "Atún y bonito",
    "url": "https://tienda.consum.es/es/p/atun-en-aceite-de-oliva-pack-de-3/7406361",
    "price": 3.79,
    "reference_price": 24.29,
    "iva": 10,
    "reference_unit": "1 Kg",
    "date": "2023-01-17"
  },
  {
    "id": 30103,
    "name": "Edulcorante de Mesa 60 sobres LA BARRACA",
    "description": "Edulcorante de Mesa 60 sobres 60 Gr",
    "category": "Edulcorantes",
    "url": "https://tienda.consum.es/es/p/edulcorante-de-mesa-60-sobres/7406408",
    "price": 1.2,
    "reference_price": 20,
    "iva": 10,
    "reference_unit": "1 Kg",
    "date": "2023-01-17"
  },
  {
    "id": 30105,
    "name": "Zumo Multifrutas 100% Free JUVER",
    "description": "Zumo Multifrutas 100% Free 1 L",
    "category": "Zumos y néctares no refrigerados",
    "url": "https://tienda.consum.es/es/p/zumo-multifrutas-100-free/7406457",
    "price": 2.45,
    "reference_price": 2.45,
    "iva": 10,
    "reference_unit": "1 L",
    "date": "2023-01-17"
  },
  {
    "id": 30107,
    "name": "Quitamanchas Gel Oxy Blanco Puro NEUTREX",
    "description": "Quitamanchas Gel Oxy Blanco Puro 0,95 L",
    "category": "Aditivos y complementos",
    "url": "https://tienda.consum.es/es/p/quitamanchas-gel-oxy-blanco-puro/7406622",
    "price": 2.45,
    "reference_price": 2.58,
    "iva": 21,
    "reference_unit": "1 L",
    "date": "2023-01-17"
  },
  {
    "id": 30108,
    "name": "Quitamanchas Gel Oxy Color NEUTREX",
    "description": "Quitamanchas Gel Oxy Color 0,95 L",
    "category": "Aditivos y complementos",
    "url": "https://tienda.consum.es/es/p/quitamanchas-gel-oxy-color/7406627",
    "price": 2.45,
    "reference_price": 2.58,
    "iva": 21,
    "reference_unit": "1 L",
    "date": "2023-01-17"
  },
  {
    "id": 30111,
    "name": "Chocolate 99% Cacao CONSUM",
    "description": "Chocolate 99% Cacao 100 Gr",
    "category": "Tabletas",
    "url": "https://tienda.consum.es/es/p/chocolate-99-cacao/7390144",
    "price": 1.49,
    "reference_price": 14.9,
    "iva": 10,
    "reference_unit": "1 Kg",
    "date": "2023-01-17"
  },
  {
    "id": 30125,
    "name": "Cacerola 24 cm Orbe con Tapa MAGEFESA",
    "description": "Cacerola 24 cm Orbe con Tapa 1 U",
    "category": "Menaje cocina",
    "url": "https://tienda.consum.es/es/p/cacerola-24-cm-orbe-con-tapa/7405835",
    "price": 25.5,
    "reference_price": 25.5,
    "iva": 21,
    "reference_unit": "1 U",
    "date": "2023-01-17"
  },
  {
    "id": 30142,
    "name": "Café Grano Colombia BONKA",
    "description": "Café Grano Colombia 500 Gr",
    "category": "Café Grano",
    "url": "https://tienda.consum.es/es/p/cafe-grano-colombia/7406452",
    "price": 7.99,
    "reference_price": 15.98,
    "iva": 10,
    "reference_unit": "1 Kg",
    "date": "2023-01-17"
  },
  {
    "id": 30144,
    "name": "Tijeras de Cocina Acero Inox, Expert SAN IGNACIO",
    "description": "Tijeras de Cocina Acero Inox, Expert 1 U",
    "category": "Menaje cocina",
    "url": "https://tienda.consum.es/es/p/tijeras-de-cocina-acero-inox-expert/7406676",
    "price": 4.99,
    "reference_price": 4.99,
    "iva": 21,
    "reference_unit": "1 U",
    "date": "2023-01-17"
  },
  {
    "id": 30147,
    "name": "Máquina Afeitar Proglide 5 Hojas 2 Recambios GILLETTE",
    "description": "Máquina Afeitar Proglide 5 Hojas 2 Recambios 1 U",
    "category": "Maquinillas de afeitar",
    "url": "https://tienda.consum.es/es/p/maquina-afeitar-proglide-5-hojas-2-recambios/7406775",
    "price": 11.99,
    "reference_price": 11.99,
    "iva": 21,
    "reference_unit": "1 U",
    "date": "2023-01-17"
  },
  {
    "id": 30151,
    "name": "Pistachos Tostados Sin Cáscara y Sin Sal CONSUM",
    "description": "Pistachos Tostados Sin Cáscara y Sin Sal 100 Gr",
    "category": "Otros frutos secos",
    "url": "https://tienda.consum.es/es/p/pistachos-tostados-sin-cascara-y-sin-sal/7398063",
    "price": 2.89,
    "reference_price": 28.9,
    "iva": 10,
    "reference_unit": "1 Kg",
    "date": "2023-01-17"
  },
  {
    "id": 30156,
    "name": "Concha Vieira Premium LA CULINARIA",
    "description": "Concha Vieira Premium 110 Gr",
    "category": "Platos preparados",
    "url": "https://tienda.consum.es/es/p/concha-vieira-premium/7405231",
    "price": 2.19,
    "reference_price": 19.91,
    "iva": 10,
    "reference_unit": "1 Kg",
    "date": "2023-01-17"
  },
  {
    "id": 30159,
    "name": "Champú Oil Nutritive GLISS",
    "description": "Champú Oil Nutritive 250 ml",
    "category": "Champú",
    "url": "https://tienda.consum.es/es/p/champu-oil-nutritive/7406036",
    "price": 2.99,
    "reference_price": 1.2,
    "iva": 21,
    "reference_unit": "100 ml",
    "date": "2023-01-17"
  },
  {
    "id": 30160,
    "name": "Mascarilla Oil Nutritive GLISS",
    "description": "Mascarilla Oil Nutritive 300 ml",
    "category": "Mascarillas cabello",
    "url": "https://tienda.consum.es/es/p/mascarilla-oil-nutritive/7406044",
    "price": 4.89,
    "reference_price": 1.63,
    "iva": 21,
    "reference_unit": "100 ml",
    "date": "2023-01-17"
  },
  {
    "id": 30162,
    "name": "Colonia Rose A.DE SEVILLA",
    "description": "Colonia Rose 150 ml",
    "category": "Femeninas",
    "url": "https://tienda.consum.es/es/p/colonia-rose/7406739",
    "price": 13.5,
    "reference_price": 9,
    "iva": 21,
    "reference_unit": "100 ml",
    "date": "2023-01-17"
  },
  {
    "id": 30163,
    "name": "Pollo Asado Troceado GRANJA GOURM",
    "description": "Pollo Asado Troceado",
    "category": "De carne o pescado",
    "url": "https://tienda.consum.es/es/p/pollo-asado-troceado/7406770",
    "price": 7.62,
    "reference_price": 6.25,
    "iva": 10,
    "reference_unit": "1 Kg",
    "date": "2023-01-17"
  },
  {
    "id": 30164,
    "name": "Pañal Bebé Seco Talla 6 De 13 a 18 Kg DODOT",
    "description": "Pañal Bebé Seco Talla 6 De 13 a 18 Kg 44 U",
    "category": "Junior: Talla de 4 a 6",
    "url": "https://tienda.consum.es/es/p/panal-bebe-seco-talla-6-de-13-a-18-kg/7406820",
    "price": 16.49,
    "reference_price": 0.37,
    "iva": 21,
    "reference_unit": "1 U",
    "date": "2023-01-17"
  },
  {
    "id": 30165,
    "name": "Queso Manchego D.O.P Leche de Oveja DON JULIÁN",
    "description": "Queso Manchego D.O.P Leche de Oveja 250 Gr",
    "category": "Quesos Curados",
    "url": "https://tienda.consum.es/es/p/queso-manchego-dop-leche-de-oveja/7406882",
    "price": 4.61,
    "reference_price": 18.44,
    "iva": 0,
    "reference_unit": "1 Kg",
    "date": "2023-01-17"
  },
  {
    "id": 30166,
    "name": "Queso Raclette ENTREMONT",
    "description": "Queso Raclette 400 Gr",
    "category": "Quesos de importación",
    "url": "https://tienda.consum.es/es/p/queso-raclette/7406887",
    "price": 4.45,
    "reference_price": 11.13,
    "iva": 4,
    "reference_unit": "1 Kg",
    "date": "2023-01-17"
  },
  {
    "id": 30167,
    "name": "Pisto Verdura c/Tomate CONSUM",
    "description": "Pisto Verdura c/Tomate 450 Gr",
    "category": "Carne, verduras y otros",
    "url": "https://tienda.consum.es/es/p/pisto-verdura-c/tomate/7387541",
    "price": 1.99,
    "reference_price": 4.42,
    "iva": 10,
    "reference_unit": "1 Kg",
    "date": "2023-01-17"
  },
  {
    "id": 30168,
    "name": "Lasaña Espinacas Queso LA COCINERA",
    "description": "Lasaña Espinacas Queso",
    "category": "Canelones y lasañas",
    "url": "https://tienda.consum.es/es/p/lasana-espinacas-queso/7393908",
    "price": 4.76,
    "reference_price": 9.52,
    "iva": 5,
    "reference_unit": "1 Kg",
    "date": "2023-01-17"
  },
  {
    "id": 30171,
    "name": "Salchichas Frankfurt sabor Ahumado CONSUM",
    "description": "Salchichas Frankfurt sabor Ahumado 3 x 165 Gr",
    "category": "Salchichas",
    "url": "https://tienda.consum.es/es/p/salchichas-frankfurt-sabor-ahumado/7404408",
    "price": 1.18,
    "reference_price": 2.38,
    "iva": 10,
    "reference_unit": "1 Kg",
    "date": "2023-01-17"
  },
  {
    "id": 30172,
    "name": "Contorno Ojos Ultimate Ojeras, Arrugas y Bolsas OLAY",
    "description": "Contorno Ojos Ultimate Ojeras, Arrugas y Bolsas 15 ml",
    "category": "Hidratación",
    "url": "https://tienda.consum.es/es/p/contorno-ojos-ultimate-ojeras-arrugas-y-bolsas/7404932",
    "price": 24.99,
    "reference_price": 166.6,
    "iva": 21,
    "reference_unit": "100 ml",
    "date": "2023-01-17"
  },
  {
    "id": 30173,
    "name": "Manopla Rizo DAVIDEL",
    "description": "Manopla Rizo 2 U",
    "category": "Accesorios y complementos",
    "url": "https://tienda.consum.es/es/p/manopla-rizo/7404945",
    "price": 1.1,
    "reference_price": 0.55,
    "iva": 21,
    "reference_unit": "1 U",
    "date": "2023-01-17"
  },
  {
    "id": 30175,
    "name": "Suprema Atún 230G FINDUS",
    "description": "Suprema Atún 230G 230 Gr",
    "category": "Pescados y mariscos",
    "url": "https://tienda.consum.es/es/p/suprema-atun-230g/7406049",
    "price": 7.99,
    "reference_price": 34.74,
    "iva": 10,
    "reference_unit": "1 Kg",
    "date": "2023-01-17"
  },
  {
    "id": 30176,
    "name": "Comida para Hamster y Jerbos MIX MASCOTAS",
    "description": "Comida para Hamster y Jerbos 800 Gr",
    "category": "Comida para otras mascotas",
    "url": "https://tienda.consum.es/es/p/comida-para-hamster-y-jerbos/7406270",
    "price": 1.89,
    "reference_price": 2.36,
    "iva": 10,
    "reference_unit": "1 Kg",
    "date": "2023-01-17"
  },
  {
    "id": 30177,
    "name": "Comida para Loros y Cotorras MIX MASCOTAS",
    "description": "Comida para Loros y Cotorras 600 Gr",
    "category": "Comida para otras mascotas",
    "url": "https://tienda.consum.es/es/p/comida-para-loros-y-cotorras/7406275",
    "price": 1.89,
    "reference_price": 3.15,
    "iva": 10,
    "reference_unit": "1 Kg",
    "date": "2023-01-17"
  },
  {
    "id": 30178,
    "name": "Comida para Conejos Enanos MIX MASCOTAS",
    "description": "Comida para Conejos Enanos 800 Gr",
    "category": "Comida para otras mascotas",
    "url": "https://tienda.consum.es/es/p/comida-para-conejos-enanos/7406283",
    "price": 1.45,
    "reference_price": 1.81,
    "iva": 10,
    "reference_unit": "1 Kg",
    "date": "2023-01-17"
  },
  {
    "id": 30180,
    "name": "Tomate Frito con Aceite de Oliva SOLIS",
    "description": "Tomate Frito con Aceite de Oliva 360 Gr",
    "category": "Tomate",
    "url": "https://tienda.consum.es/es/p/tomate-frito-con-aceite-de-oliva/7406429",
    "price": 1.35,
    "reference_price": 3.75,
    "iva": 10,
    "reference_unit": "1 Kg",
    "date": "2023-01-17"
  },
  {
    "id": 30181,
    "name": "Jamón de Teruel DOP Medias Lonchas ARCOIRIS",
    "description": "Jamón de Teruel DOP Medias Lonchas 120 Gr",
    "category": "Jamón",
    "url": "https://tienda.consum.es/es/p/jamon-de-teruel-dop-medias-lonchas/7406465",
    "price": 3.16,
    "reference_price": 26.33,
    "iva": 10,
    "reference_unit": "1 Kg",
    "date": "2023-01-17"
  },
  {
    "id": 30182,
    "name": "Colonia Bella A.DE SEVILLA",
    "description": "Colonia Bella 150 ml",
    "category": "Femeninas",
    "url": "https://tienda.consum.es/es/p/colonia-bella/7406721",
    "price": 12.5,
    "reference_price": 8.33,
    "iva": 21,
    "reference_unit": "100 ml",
    "date": "2023-01-17"
  },
  {
    "id": 30183,
    "name": "Salmón Ahumado Noruego ROYAL",
    "description": "Salmón Ahumado Noruego 2 x 45 Gr",
    "category": "Ahumados",
    "url": "https://tienda.consum.es/es/p/salmon-ahumado-noruego/7406858",
    "price": 5.59,
    "reference_price": 62.11,
    "iva": 10,
    "reference_unit": "1 Kg",
    "date": "2023-01-17"
  },
  {
    "id": 30185,
    "name": "Mini Bollisol 3 Unidades DULCESOL",
    "description": "Mini Bollisol 3 Unidades 150 Gr",
    "category": "Bollería industrial",
    "url": "https://tienda.consum.es/es/p/mini-bollisol-3-unidades/7407257",
    "price": 1,
    "reference_price": 6.67,
    "iva": 10,
    "reference_unit": "1 Kg",
    "date": "2023-01-17"
  },
  {
    "id": 30186,
    "name": "Mini Magdalenas con Chips Chocolate DULCESOL",
    "description": "Mini Magdalenas con Chips Chocolate 133 Gr",
    "category": "Bollería industrial",
    "url": "https://tienda.consum.es/es/p/mini-magdalenas-con-chips-chocolate/7407260",
    "price": 1,
    "reference_price": 7.52,
    "iva": 10,
    "reference_unit": "1 Kg",
    "date": "2023-01-17"
  },
  {
    "id": 30187,
    "name": "Trigo Inflado Miel CERIDÉS",
    "description": "Trigo Inflado Miel 500 Gr",
    "category": "Cereales",
    "url": "https://tienda.consum.es/es/p/trigo-inflado-miel/7407278",
    "price": 1.85,
    "reference_price": 3.7,
    "iva": 10,
    "reference_unit": "1 Kg",
    "date": "2023-01-17"
  },
  {
    "id": 30188,
    "name": "Perlas Silice Gatos MAGIC CLEAN",
    "description": "Perlas Silice Gatos 4,2 L",
    "category": "Cuidado e higiene",
    "url": "https://tienda.consum.es/es/p/perlas-silice-gatos/7407385",
    "price": 5.99,
    "reference_price": 1.43,
    "iva": 21,
    "reference_unit": "1 L",
    "date": "2023-01-17"
  },
  {
    "id": 30189,
    "name": "Colonia Infantil CONSUM KIDS",
    "description": "Colonia Infantil 750 ml",
    "category": "Cremas, lociones y colonia",
    "url": "https://tienda.consum.es/es/p/colonia-infantil/7379589",
    "price": 1.99,
    "reference_price": 0.27,
    "iva": 21,
    "reference_unit": "100 ml",
    "date": "2023-01-17"
  },
  {
    "id": 30190,
    "name": "Crema Corporal Sensitive NAT.HONEY",
    "description": "Crema Corporal Sensitive 400 ml",
    "category": "Body-lociones",
    "url": "https://tienda.consum.es/es/p/crema-corporal-sensitive/7404531",
    "price": 4.75,
    "reference_price": 1.19,
    "iva": 21,
    "reference_unit": "100 ml",
    "date": "2023-01-17"
  },
  {
    "id": 30192,
    "name": "Toallitas Húmedas Refrescantes SALUSTAR",
    "description": "Toallitas Húmedas Refrescantes 20 U",
    "category": "Toallitas",
    "url": "https://tienda.consum.es/es/p/toallitas-humedas-refrescantes/7407203",
    "price": 1.19,
    "reference_price": 0.06,
    "iva": 21,
    "reference_unit": "1 U",
    "date": "2023-01-17"
  },
  {
    "id": 30193,
    "name": "Zumo de Frutas y Leche Sabor Paraiso P-3 BIFRUTAS",
    "description": "Zumo de Frutas y Leche Sabor Paraiso P-3 3 x 330 ml",
    "category": "Zumos con leche",
    "url": "https://tienda.consum.es/es/p/zumo-de-frutas-y-leche-sabor-paraiso-p-3/7407356",
    "price": 2.39,
    "reference_price": 2.41,
    "iva": 21,
    "reference_unit": "1 L",
    "date": "2023-01-17"
  },
  {
    "id": 30195,
    "name": "Cerveza Sabor Tequila Botella MANITO",
    "description": "Cerveza Sabor Tequila Botella 0,33 L",
    "category": "Importación botella",
    "url": "https://tienda.consum.es/es/p/cerveza-sabor-tequila-botella/7407559",
    "price": 1.49,
    "reference_price": 4.52,
    "iva": 21,
    "reference_unit": "1 L",
    "date": "2023-01-17"
  },
  {
    "id": 30196,
    "name": "Cerveza Sabor Mezcal Botella MESCALINA",
    "description": "Cerveza Sabor Mezcal Botella 0,33 L",
    "category": "Importación botella",
    "url": "https://tienda.consum.es/es/p/cerveza-sabor-mezcal-botella/7407562",
    "price": 1.49,
    "reference_price": 4.52,
    "iva": 21,
    "reference_unit": "1 L",
    "date": "2023-01-17"
  },
  {
    "id": 30197,
    "name": "Crema Día Vitamina C Piel Normal KYREY",
    "description": "Crema Día Vitamina C Piel Normal 50 ml",
    "category": "Hidratación",
    "url": "https://tienda.consum.es/es/p/crema-dia-vitamina-c-piel-normal/7382153",
    "price": 3.99,
    "reference_price": 7.98,
    "iva": 21,
    "reference_unit": "100 ml",
    "date": "2023-01-17"
  },
  {
    "id": 30198,
    "name": "Crema Día Vitamina C Piel Grasa KYREY",
    "description": "Crema Día Vitamina C Piel Grasa 50 ml",
    "category": "Hidratación",
    "url": "https://tienda.consum.es/es/p/crema-dia-vitamina-c-piel-grasa/7382166",
    "price": 3.99,
    "reference_price": 7.98,
    "iva": 21,
    "reference_unit": "100 ml",
    "date": "2023-01-17"
  },
  {
    "id": 30199,
    "name": "Contorno Ojos Vitamina C KYREY",
    "description": "Contorno Ojos Vitamina C 15 ml",
    "category": "Hidratación",
    "url": "https://tienda.consum.es/es/p/contorno-ojos-vitamina-c/7382174",
    "price": 3.45,
    "reference_price": 23,
    "iva": 21,
    "reference_unit": "100 ml",
    "date": "2023-01-17"
  },
  {
    "id": 30200,
    "name": "Sérum Vitamina C KYREY",
    "description": "Sérum Vitamina C 30 ml",
    "category": "Tratamiento",
    "url": "https://tienda.consum.es/es/p/serum-vitamina-c/7382179",
    "price": 4.99,
    "reference_price": 16.63,
    "iva": 21,
    "reference_unit": "100 ml",
    "date": "2023-01-17"
  },
  {
    "id": 30201,
    "name": "Crema Noche Vitamina C KYREY",
    "description": "Crema Noche Vitamina C 50 ml",
    "category": "Hidratación",
    "url": "https://tienda.consum.es/es/p/crema-noche-vitamina-c/7382182",
    "price": 3.99,
    "reference_price": 7.98,
    "iva": 21,
    "reference_unit": "100 ml",
    "date": "2023-01-17"
  },
  {
    "id": 30202,
    "name": "Amoniaco con Detergente CONSUM",
    "description": "Amoniaco con Detergente 1,5 L",
    "category": "Lejías y amoniacos",
    "url": "https://tienda.consum.es/es/p/amoniaco-con-detergente/7397839",
    "price": 1,
    "reference_price": 0.67,
    "iva": 21,
    "reference_unit": "1 L",
    "date": "2023-01-17"
  },
  {
    "id": 30203,
    "name": "Alcohol 96º KYREY PHARMA",
    "description": "Alcohol 96º 250 ml",
    "category": "Alcohol, agua oxigenada y otros",
    "url": "https://tienda.consum.es/es/p/alcohol-96/7398584",
    "price": 0.75,
    "reference_price": 0.3,
    "iva": 10,
    "reference_unit": "100 ml",
    "date": "2023-01-17"
  },
  {
    "id": 30204,
    "name": "Crema Corporal Aceite de Argán NAT.HONEY",
    "description": "Crema Corporal Aceite de Argán 400 ml",
    "category": "Body-lociones",
    "url": "https://tienda.consum.es/es/p/crema-corporal-aceite-de-argan/7404536",
    "price": 4.75,
    "reference_price": 1.19,
    "iva": 21,
    "reference_unit": "100 ml",
    "date": "2023-01-17"
  },
  {
    "id": 30205,
    "name": "Mousse Crema Piel Seca muy Seca LACTOVIT",
    "description": "Mousse Crema Piel Seca muy Seca 400 ml",
    "category": "Body-lociones",
    "url": "https://tienda.consum.es/es/p/mousse-crema-piel-seca-muy-seca/7406200",
    "price": 4.49,
    "reference_price": 1.12,
    "iva": 21,
    "reference_unit": "100 ml",
    "date": "2023-01-17"
  },
  {
    "id": 30206,
    "name": "Paté Superior de Pato Francés SIVORÉ",
    "description": "Paté Superior de Pato Francés 150 Gr",
    "category": "Patés y untables",
    "url": "https://tienda.consum.es/es/p/pate-superior-de-pato-frances/7406358",
    "price": 2.95,
    "reference_price": 19.67,
    "iva": 10,
    "reference_unit": "1 Kg",
    "date": "2023-01-17"
  },
  {
    "id": 30207,
    "name": "Compresa Ultrafina Plus Noche Alas AUSONIA",
    "description": "Compresa Ultrafina Plus Noche Alas 10 U",
    "category": "Compresas y protegeslips",
    "url": "https://tienda.consum.es/es/p/compresa-ultrafina-plus-noche-alas/7406650",
    "price": 2.83,
    "reference_price": 0.28,
    "iva": 4,
    "reference_unit": "1 U",
    "date": "2023-01-17"
  },
  {
    "id": 30208,
    "name": "Compresa Ultrafina Plus Normal Alas AUSONIA",
    "description": "Compresa Ultrafina Plus Normal Alas 16 U",
    "category": "Compresas y protegeslips",
    "url": "https://tienda.consum.es/es/p/compresa-ultrafina-plus-normal-alas/7406655",
    "price": 2.83,
    "reference_price": 0.18,
    "iva": 4,
    "reference_unit": "1 U",
    "date": "2023-01-17"
  },
  {
    "id": 30209,
    "name": "Compresa Ultrafina Plus Super Alas AUSONIA",
    "description": "Compresa Ultrafina Plus Super Alas 14 U",
    "category": "Compresas y protegeslips",
    "url": "https://tienda.consum.es/es/p/compresa-ultrafina-plus-super-alas/7406663",
    "price": 2.83,
    "reference_price": 0.2,
    "iva": 4,
    "reference_unit": "1 U",
    "date": "2023-01-17"
  },
  {
    "id": 30210,
    "name": "Colonia Paula Intense PAULA",
    "description": "Colonia Paula Intense 100 ml",
    "category": "Femeninas",
    "url": "https://tienda.consum.es/es/p/colonia-paula-intense/7406788",
    "price": 10.95,
    "reference_price": 10.95,
    "iva": 21,
    "reference_unit": "100 ml",
    "date": "2023-01-17"
  },
  {
    "id": 30211,
    "name": "Hojaldre de Pollo con Curry 1U ",
    "description": "Hojaldre de Pollo con Curry 1U 100 Gr",
    "category": "Pizzas y hojaldres",
    "url": "https://tienda.consum.es/es/p/hojaldre-de-pollo-con-curry-1u/7406812",
    "price": 1.29,
    "reference_price": 12.9,
    "iva": 10,
    "reference_unit": "1 Kg",
    "date": "2023-01-17"
  },
  {
    "id": 30212,
    "name": "Lavavajillas Maquina Todo en Uno Pastillas ACTIFF",
    "description": "Lavavajillas Maquina Todo en Uno Pastillas 28 Do",
    "category": "Lavavajillas a máquina",
    "url": "https://tienda.consum.es/es/p/lavavajillas-maquina-todo-en-uno-pastillas/7406817",
    "price": 2.99,
    "reference_price": 0.11,
    "iva": 21,
    "reference_unit": "1 Do",
    "date": "2023-01-17"
  },
  {
    "id": 30213,
    "name": "Colonia Masculina Nº8 Atardecer Magnético V&L",
    "description": "Colonia Masculina Nº8 Atardecer Magnético 150 ml",
    "category": "Masculinas",
    "url": "https://tienda.consum.es/es/p/colonia-masculina-n8-atardecer-magnetico/7407161",
    "price": 12.95,
    "reference_price": 8.63,
    "iva": 21,
    "reference_unit": "100 ml",
    "date": "2023-01-17"
  },
  {
    "id": 30214,
    "name": "Colonia Masculina Nº9 Noche Enigmática V&L",
    "description": "Colonia Masculina Nº9 Noche Enigmática 150 ml",
    "category": "Masculinas",
    "url": "https://tienda.consum.es/es/p/colonia-masculina-n9-noche-enigmatica/7407174",
    "price": 12.95,
    "reference_price": 8.63,
    "iva": 21,
    "reference_unit": "100 ml",
    "date": "2023-01-17"
  },
  {
    "id": 30215,
    "name": "Colonia Masculina True Attitude SPRINGFIELD",
    "description": "Colonia Masculina True Attitude 100 ml",
    "category": "Masculinas",
    "url": "https://tienda.consum.es/es/p/colonia-masculina-true-attitude/7407182",
    "price": 12.95,
    "reference_price": 12.95,
    "iva": 21,
    "reference_unit": "100 ml",
    "date": "2023-01-17"
  },
  {
    "id": 30216,
    "name": "Compresas Extraplanas Clásicas AUSONIA",
    "description": "Compresas Extraplanas Clásicas 12 U",
    "category": "Compresas y protegeslips",
    "url": "https://tienda.consum.es/es/p/compresas-extraplanas-clasicas/7407190",
    "price": 1.6,
    "reference_price": 0.13,
    "iva": 4,
    "reference_unit": "1 U",
    "date": "2023-01-17"
  },
  {
    "id": 30217,
    "name": "Jamonero Bambú y Metal QUTTIN",
    "description": "Jamonero Bambú y Metal 1 U",
    "category": "Menaje cocina",
    "url": "https://tienda.consum.es/es/p/jamonero-bambu-y-metal/7407299",
    "price": 19.99,
    "reference_price": 19.99,
    "iva": 21,
    "reference_unit": "1 U",
    "date": "2023-01-17"
  },
  {
    "id": 30220,
    "name": "Panceta Natural Curada Duroc EDIGAPA",
    "description": "Panceta Natural Curada Duroc 120 Gr",
    "category": "Bacon y panceta",
    "url": "https://tienda.consum.es/es/p/panceta-natural-curada-duroc/7407419",
    "price": 1.69,
    "reference_price": 14.08,
    "iva": 10,
    "reference_unit": "1 Kg",
    "date": "2023-01-17"
  },
  {
    "id": 30221,
    "name": "Plantilla Infantil Látex Antiolor ACHUCHONAS",
    "description": "Plantilla Infantil Látex Antiolor 1 U",
    "category": "Limpieza calzado y accesorios",
    "url": "https://tienda.consum.es/es/p/plantilla-infantil-latex-antiolor/7407471",
    "price": 1.99,
    "reference_price": 1.99,
    "iva": 21,
    "reference_unit": "1 U",
    "date": "2023-01-17"
  },
  {
    "id": 30222,
    "name": "Cola de Langostino Pelado y crudo PESCANOVA",
    "description": "Cola de Langostino Pelado y crudo 180 Gr",
    "category": "Pescados y mariscos",
    "url": "https://tienda.consum.es/es/p/cola-de-langostino-pelado-y-crudo/7407500",
    "price": 4.29,
    "reference_price": 23.83,
    "iva": 10,
    "reference_unit": "1 Kg",
    "date": "2023-01-17"
  },
  {
    "id": 30223,
    "name": "Café Guatemala 10 Cápsulas STARBUCKS",
    "description": "Café Guatemala 10 Cápsulas 10 U",
    "category": "Café en cápsulas",
    "url": "https://tienda.consum.es/es/p/cafe-guatemala-10-capsulas/7407539",
    "price": 3.99,
    "reference_price": 0.4,
    "iva": 10,
    "reference_unit": "1 U",
    "date": "2023-01-17"
  },
  {
    "id": 30224,
    "name": "Jengibre con Anis e Hinojo Bio POMPADOUR",
    "description": "Jengibre con Anis e Hinojo Bio 18 U",
    "category": "Otras infusiones",
    "url": "https://tienda.consum.es/es/p/jengibre-con-anis-e-hinojo-bio/7407583",
    "price": 3.69,
    "reference_price": 0.21,
    "iva": 10,
    "reference_unit": "1 U",
    "date": "2023-01-17"
  },
  {
    "id": 30225,
    "name": "Aceite de Cañamo con Cacao Bio POMPADOUR",
    "description": "Aceite de Cañamo con Cacao Bio 18 U",
    "category": "Otras infusiones",
    "url": "https://tienda.consum.es/es/p/aceite-de-canamo-con-cacao-bio/7407596",
    "price": 3.69,
    "reference_price": 0.21,
    "iva": 10,
    "reference_unit": "1 U",
    "date": "2023-01-17"
  },
  {
    "id": 30226,
    "name": "Te Verde con Matcha 20 Bolsitas POMPADOUR",
    "description": "Te Verde con Matcha 20 Bolsitas 20 U",
    "category": "Té",
    "url": "https://tienda.consum.es/es/p/te-verde-con-matcha-20-bolsitas/7407604",
    "price": 2.75,
    "reference_price": 0.14,
    "iva": 10,
    "reference_unit": "1 U",
    "date": "2023-01-17"
  },
  {
    "id": 30227,
    "name": "Jengibre Puro 20 Bolsitas POMPADOUR",
    "description": "Jengibre Puro 20 Bolsitas 20 U",
    "category": "Otras infusiones",
    "url": "https://tienda.consum.es/es/p/jengibre-puro-20-bolsitas/7407609",
    "price": 2.5,
    "reference_price": 0.13,
    "iva": 10,
    "reference_unit": "1 U",
    "date": "2023-01-17"
  },
  {
    "id": 30228,
    "name": "Agua Oxigenada KYREY PHARMA",
    "description": "Agua Oxigenada 250 ml",
    "category": "Alcohol, agua oxigenada y otros",
    "url": "https://tienda.consum.es/es/p/agua-oxigenada/7398592",
    "price": 0.65,
    "reference_price": 0.26,
    "iva": 10,
    "reference_unit": "100 ml",
    "date": "2023-01-17"
  },
  {
    "id": 30231,
    "name": "Gel Recambio Zero SANEX",
    "description": "Gel Recambio Zero 900 ml",
    "category": "Gel de baño",
    "url": "https://tienda.consum.es/es/p/gel-recambio-zero/7404940",
    "price": 3.59,
    "reference_price": 0.4,
    "iva": 21,
    "reference_unit": "100 ml",
    "date": "2023-01-17"
  },
  {
    "id": 30241,
    "name": "Vaso de Cubata 550 mL Reutilizable SP BERNER",
    "description": "Vaso de Cubata 550 mL Reutilizable 10 U",
    "category": "Desechables",
    "url": "https://tienda.consum.es/es/p/vaso-de-cubata-550-ml-reutilizable/7406689",
    "price": 1.99,
    "reference_price": 0.2,
    "iva": 21,
    "reference_unit": "1 U",
    "date": "2023-01-17"
  },
  {
    "id": 30247,
    "name": "Plato Llano 28 cm Amario Blanco LUMINARC",
    "description": "Plato Llano 28 cm Amario Blanco 3 U",
    "category": "Hogar",
    "url": "https://tienda.consum.es/es/p/plato-llano-28-cm-amario-blanco/7406932",
    "price": 7.99,
    "reference_price": 2.66,
    "iva": 21,
    "reference_unit": "1 U",
    "date": "2023-01-17"
  },
  {
    "id": 30248,
    "name": "Plato Hondo 23 cm Amario Blanco LUMINARC",
    "description": "Plato Hondo 23 cm Amario Blanco 3 U",
    "category": "Hogar",
    "url": "https://tienda.consum.es/es/p/plato-hondo-23-cm-amario-blanco/7406937",
    "price": 7.99,
    "reference_price": 2.66,
    "iva": 21,
    "reference_unit": "1 U",
    "date": "2023-01-17"
  },
  {
    "id": 30249,
    "name": "Plato Postre 22 cm Amario Blanco LUMINARC",
    "description": "Plato Postre 22 cm Amario Blanco 3 U",
    "category": "Hogar",
    "url": "https://tienda.consum.es/es/p/plato-postre-22-cm-amario-blanco/7406940",
    "price": 7.99,
    "reference_price": 2.66,
    "iva": 21,
    "reference_unit": "1 U",
    "date": "2023-01-17"
  },
  {
    "id": 30250,
    "name": "Bol de 18 cm Amario Blanco LUMINARC",
    "description": "Bol de 18 cm Amario Blanco 3 U",
    "category": "Hogar",
    "url": "https://tienda.consum.es/es/p/bol-de-18-cm-amario-blanco/7406945",
    "price": 7.99,
    "reference_price": 2.66,
    "iva": 21,
    "reference_unit": "1 U",
    "date": "2023-01-17"
  },
  {
    "id": 30251,
    "name": "Hermético Rectangular Easy Box, 38 cL LUMINARC",
    "description": "Hermético Rectangular Easy Box, 38 cL 1 U",
    "category": "Hogar",
    "url": "https://tienda.consum.es/es/p/hermetico-rectangular-easy-box-38-cl/7406952",
    "price": 4.29,
    "reference_price": 4.29,
    "iva": 21,
    "reference_unit": "1 U",
    "date": "2023-01-17"
  },
  {
    "id": 30252,
    "name": "Hermético Rectangular Easy Box, 82 cL LUMINARC",
    "description": "Hermético Rectangular Easy Box, 82 cL 1 U",
    "category": "Hogar",
    "url": "https://tienda.consum.es/es/p/hermetico-rectangular-easy-box-82-cl/7406957",
    "price": 5.29,
    "reference_price": 5.29,
    "iva": 21,
    "reference_unit": "1 U",
    "date": "2023-01-17"
  },
  {
    "id": 30253,
    "name": "Hermético Rectangular Easy Box, 122 cL LUMINARC",
    "description": "Hermético Rectangular Easy Box, 122 cL 1 U",
    "category": "Hogar",
    "url": "https://tienda.consum.es/es/p/hermetico-rectangular-easy-box-122-cl/7406973",
    "price": 6.49,
    "reference_price": 6.49,
    "iva": 21,
    "reference_unit": "1 U",
    "date": "2023-01-17"
  },
  {
    "id": 30254,
    "name": "Fuente de Horno Smart Cuisine, 38x27 cm LUMINARC",
    "description": "Fuente de Horno Smart Cuisine, 38x27 cm 1 U",
    "category": "Hogar",
    "url": "https://tienda.consum.es/es/p/fuente-de-horno-smart-cuisine-38x27-cm/7406986",
    "price": 10.99,
    "reference_price": 10.99,
    "iva": 21,
    "reference_unit": "1 U",
    "date": "2023-01-17"
  },
  {
    "id": 30255,
    "name": "Molde de Tarta Redondo Smart Cuisine, 28 cm LUMINARC",
    "description": "Molde de Tarta Redondo Smart Cuisine, 28 cm 1 U",
    "category": "Hogar",
    "url": "https://tienda.consum.es/es/p/molde-de-tarta-redondo-smart-cuisine-28-cm/7407005",
    "price": 8.99,
    "reference_price": 8.99,
    "iva": 21,
    "reference_unit": "1 U",
    "date": "2023-01-17"
  },
  {
    "id": 30256,
    "name": "Ramekin 11 cm Smart Cuisine LUMINARC",
    "description": "Ramekin 11 cm Smart Cuisine 1 U",
    "category": "Hogar",
    "url": "https://tienda.consum.es/es/p/ramekin-11-cm-smart-cuisine/7407013",
    "price": 2.99,
    "reference_price": 2.99,
    "iva": 21,
    "reference_unit": "1 U",
    "date": "2023-01-17"
  },
  {
    "id": 30257,
    "name": "Tazas de Café 8 cL Flashy Nordik LUMINARC",
    "description": "Tazas de Café 8 cL Flashy Nordik 2 U",
    "category": "Hogar",
    "url": "https://tienda.consum.es/es/p/tazas-de-cafe-8-cl-flashy-nordik/7407018",
    "price": 4.99,
    "reference_price": 2.5,
    "iva": 21,
    "reference_unit": "1 U",
    "date": "2023-01-17"
  },
  {
    "id": 30258,
    "name": "Jumbo 50 cL Flashy Nordik LUMINARC",
    "description": "Jumbo 50 cL Flashy Nordik 2 U",
    "category": "Hogar",
    "url": "https://tienda.consum.es/es/p/jumbo-50-cl-flashy-nordik/7407021",
    "price": 8.99,
    "reference_price": 4.5,
    "iva": 21,
    "reference_unit": "1 U",
    "date": "2023-01-17"
  },
  {
    "id": 30259,
    "name": "Mug 25 cL Flashy Nordik LUMINARC",
    "description": "Mug 25 cL Flashy Nordik 2 U",
    "category": "Hogar",
    "url": "https://tienda.consum.es/es/p/mug-25-cl-flashy-nordik/7407026",
    "price": 6.99,
    "reference_price": 3.5,
    "iva": 21,
    "reference_unit": "1 U",
    "date": "2023-01-17"
  },
  {
    "id": 30260,
    "name": "Set de Cubertería Nordik 24 Unidades KFK",
    "description": "Set de Cubertería Nordik 24 Unidades 1 U",
    "category": "Hogar",
    "url": "https://tienda.consum.es/es/p/set-de-cuberteria-nordik-24-unidades/7407034",
    "price": 39.99,
    "reference_price": 39.99,
    "iva": 21,
    "reference_unit": "1 U",
    "date": "2023-01-17"
  },
  {
    "id": 30261,
    "name": "Exprimidor Eléctrico 40W Nordik KFK",
    "description": "Exprimidor Eléctrico 40W Nordik 1 U",
    "category": "Hogar",
    "url": "https://tienda.consum.es/es/p/exprimidor-electrico-40w-nordik/7407039",
    "price": 12.99,
    "reference_price": 12.99,
    "iva": 21,
    "reference_unit": "1 U",
    "date": "2023-01-17"
  },
  {
    "id": 30262,
    "name": "Tostador 900 W Nordik KFK",
    "description": "Tostador 900 W Nordik 1 U",
    "category": "Hogar",
    "url": "https://tienda.consum.es/es/p/tostador-900-w-nordik/7407042",
    "price": 20.99,
    "reference_price": 20.99,
    "iva": 21,
    "reference_unit": "1 U",
    "date": "2023-01-17"
  },
  {
    "id": 30263,
    "name": "Grill 3 en 1 Nordik KFK",
    "description": "Grill 3 en 1 Nordik 1 U",
    "category": "Hogar",
    "url": "https://tienda.consum.es/es/p/grill-3-en-1-nordik/7407047",
    "price": 24.99,
    "reference_price": 24.99,
    "iva": 21,
    "reference_unit": "1 U",
    "date": "2023-01-17"
  },
  {
    "id": 30264,
    "name": "Cacerola 20 cm con Tapa Nordik KFK",
    "description": "Cacerola 20 cm con Tapa Nordik 1 U",
    "category": "Pequeño electrodoméstico",
    "url": "https://tienda.consum.es/es/p/cacerola-20-cm-con-tapa-nordik/7407054",
    "price": 32.99,
    "reference_price": 32.99,
    "iva": 21,
    "reference_unit": "1 U",
    "date": "2023-01-17"
  },
  {
    "id": 30265,
    "name": "Set de Sartenes 20 y 24 cm. Nordik KFK",
    "description": "Set de Sartenes 20 y 24 cm. Nordik 1 U",
    "category": "Pequeño electrodoméstico",
    "url": "https://tienda.consum.es/es/p/set-de-sartenes-20-y-24-cm-nordik/7407059",
    "price": 29.99,
    "reference_price": 29.99,
    "iva": 21,
    "reference_unit": "1 U",
    "date": "2023-01-17"
  },
  {
    "id": 30266,
    "name": "Cuchillos Nordik KFK",
    "description": "Cuchillos Nordik 3 U",
    "category": "Hogar",
    "url": "https://tienda.consum.es/es/p/cuchillos-nordik/7407062",
    "price": 13.99,
    "reference_price": 4.66,
    "iva": 21,
    "reference_unit": "1 U",
    "date": "2023-01-17"
  },
  {
    "id": 30267,
    "name": "Cucharón Cocina Nordik KFK",
    "description": "Cucharón Cocina Nordik 1 U",
    "category": "Hogar",
    "url": "https://tienda.consum.es/es/p/cucharon-cocina-nordik/7407067",
    "price": 2.99,
    "reference_price": 2.99,
    "iva": 21,
    "reference_unit": "1 U",
    "date": "2023-01-17"
  },
  {
    "id": 30268,
    "name": "Cazo Cocina Nordik KFK",
    "description": "Cazo Cocina Nordik 1 U",
    "category": "Hogar",
    "url": "https://tienda.consum.es/es/p/cazo-cocina-nordik/7407070",
    "price": 2.99,
    "reference_price": 2.99,
    "iva": 21,
    "reference_unit": "1 U",
    "date": "2023-01-17"
  },
  {
    "id": 30269,
    "name": "Espumadera Cocina Nordik KFK",
    "description": "Espumadera Cocina Nordik 1 U",
    "category": "Hogar",
    "url": "https://tienda.consum.es/es/p/espumadera-cocina-nordik/7407075",
    "price": 2.99,
    "reference_price": 2.99,
    "iva": 21,
    "reference_unit": "1 U",
    "date": "2023-01-17"
  },
  {
    "id": 30271,
    "name": "Pincel Cocina Nordik KFK",
    "description": "Pincel Cocina Nordik 1 U",
    "category": "Hogar",
    "url": "https://tienda.consum.es/es/p/pincel-cocina-nordik/7407088",
    "price": 2.99,
    "reference_price": 2.99,
    "iva": 21,
    "reference_unit": "1 U",
    "date": "2023-01-17"
  },
  {
    "id": 30272,
    "name": "Paños Rizo/Jacquard Rosetón ANTONIO MIRÓ",
    "description": "Paños Rizo/Jacquard Rosetón 2 U",
    "category": "Textil",
    "url": "https://tienda.consum.es/es/p/panos-rizo/jacquard-roseton/7407091",
    "price": 4.99,
    "reference_price": 2.5,
    "iva": 21,
    "reference_unit": "1 U",
    "date": "2023-01-17"
  },
  {
    "id": 30273,
    "name": "Paños Rizo/Jacquard Rustic ANTONIO MIRÓ",
    "description": "Paños Rizo/Jacquard Rustic 2 U",
    "category": "Textil",
    "url": "https://tienda.consum.es/es/p/panos-rizo/jacquard-rustic/7407096",
    "price": 4.99,
    "reference_price": 2.5,
    "iva": 21,
    "reference_unit": "1 U",
    "date": "2023-01-17"
  },
  {
    "id": 30274,
    "name": "Paños Rizo/Rizo Drink ANTONIO MIRÓ",
    "description": "Paños Rizo/Rizo Drink 2 U",
    "category": "Textil",
    "url": "https://tienda.consum.es/es/p/panos-rizo/rizo-drink/7407104",
    "price": 4.99,
    "reference_price": 2.5,
    "iva": 21,
    "reference_unit": "1 U",
    "date": "2023-01-17"
  },
  {
    "id": 30275,
    "name": "Paños Rizo/Rizo Oriental ANTONIO MIRÓ",
    "description": "Paños Rizo/Rizo Oriental 2 U",
    "category": "Textil",
    "url": "https://tienda.consum.es/es/p/panos-rizo/rizo-oriental/7407109",
    "price": 4.99,
    "reference_price": 2.5,
    "iva": 21,
    "reference_unit": "1 U",
    "date": "2023-01-17"
  },
  {
    "id": 30276,
    "name": "Mantel Resinado 140x140 cm. Rosetón ANTONIO MIRÓ",
    "description": "Mantel Resinado 140x140 cm. Rosetón 1 U",
    "category": "Textil",
    "url": "https://tienda.consum.es/es/p/mantel-resinado-140x140-cm-roseton/7407112",
    "price": 10.99,
    "reference_price": 10.99,
    "iva": 21,
    "reference_unit": "1 U",
    "date": "2023-01-17"
  },
  {
    "id": 30277,
    "name": "Mantel Resinado 140x140 cm. Dots ANTONIO MIRÓ",
    "description": "Mantel Resinado 140x140 cm. Dots 1 U",
    "category": "Textil",
    "url": "https://tienda.consum.es/es/p/mantel-resinado-140x140-cm-dots/7407117",
    "price": 10.99,
    "reference_price": 10.99,
    "iva": 21,
    "reference_unit": "1 U",
    "date": "2023-01-17"
  },
  {
    "id": 30278,
    "name": "Colonia con Prebióticos Protege & Perfuma SEVEN KIDS",
    "description": "Colonia con Prebióticos Protege & Perfuma 250 ml",
    "category": "Cremas, lociones y colonia",
    "url": "https://tienda.consum.es/es/p/colonia-con-prebioticos-protege-perfuma/7407211",
    "price": 6.95,
    "reference_price": 2.78,
    "iva": 21,
    "reference_unit": "100 ml",
    "date": "2023-01-17"
  },
  {
    "id": 30279,
    "name": "Gel De Baño Hidrotermal LA TOJA",
    "description": "Gel De Baño Hidrotermal 550 ml",
    "category": "Gel de baño",
    "url": "https://tienda.consum.es/es/p/gel-de-bano-hidrotermal/7407216",
    "price": 2.7,
    "reference_price": 0.49,
    "iva": 21,
    "reference_unit": "100 ml",
    "date": "2023-01-17"
  },
  {
    "id": 30280,
    "name": "Cocktail Snacks de Maíz Bolsa ASPIL",
    "description": "Cocktail Snacks de Maíz Bolsa 225 Gr",
    "category": "Snacks y otros aperitivos",
    "url": "https://tienda.consum.es/es/p/cocktail-snacks-de-maiz-bolsa/7407778",
    "price": 1.8,
    "reference_price": 8,
    "iva": 10,
    "reference_unit": "1 Kg",
    "date": "2023-01-17"
  },
  {
    "id": 30281,
    "name": "Tarta Fiesta Bizcocho y Sabor Trufa ",
    "description": "Tarta Fiesta Bizcocho y Sabor Trufa 1000 Gr",
    "category": "Tartas ",
    "url": "https://tienda.consum.es/es/p/tarta-fiesta-bizcocho-y-sabor-trufa/7407885",
    "price": 11.5,
    "reference_price": 11.5,
    "iva": 10,
    "reference_unit": "1 Kg",
    "date": "2023-01-17"
  },
  {
    "id": 30282,
    "name": "Lomito de Atun Bandeja ",
    "description": "Lomito de Atun Bandeja",
    "category": "Pescado en bandeja",
    "url": "https://tienda.consum.es/es/p/lomito-de-atun-bandeja/7408631",
    "price": 5.14,
    "reference_price": 28.5,
    "iva": 10,
    "reference_unit": "1 Kg",
    "date": "2023-01-17"
  },
  {
    "id": 30283,
    "name": "La Guía Total Dinoraurios DESTINO",
    "description": "La Guía Total Dinoraurios 1 U",
    "category": "Librería",
    "url": "https://tienda.consum.es/es/p/la-guia-total-dinoraurios/7407435",
    "price": 14.95,
    "reference_price": 14.95,
    "iva": 4,
    "reference_unit": "1 U",
    "date": "2023-01-17"
  },
  {
    "id": 30285,
    "name": "El Color de tus Recuerdo Olivia Ruiz DUOMO",
    "description": "El Color de tus Recuerdo Olivia Ruiz 1 U",
    "category": "Librería",
    "url": "https://tienda.consum.es/es/p/el-color-de-tus-recuerdo-olivia-ruiz/7408169",
    "price": 18,
    "reference_price": 18,
    "iva": 4,
    "reference_unit": "1 U",
    "date": "2023-01-17"
  },
  {
    "id": 30286,
    "name": "Amanda Black Esape B Barbara M y Juan G.J B DE BLOK",
    "description": "Amanda Black Esape B Barbara M y Juan G.J 1 U",
    "category": "Librería",
    "url": "https://tienda.consum.es/es/p/amanda-black-esape-b-barbara-m-y-juan-gj/7408172",
    "price": 11.95,
    "reference_price": 11.95,
    "iva": 4,
    "reference_unit": "1 U",
    "date": "2023-01-17"
  },
  {
    "id": 30287,
    "name": "Paquete de Folios A4, 80 g ",
    "description": "Paquete de Folios A4, 80 g 500 U",
    "category": "Papelería y juguetes",
    "url": "https://tienda.consum.es/es/p/paquete-de-folios-a4-80-g/7404965",
    "price": 6.49,
    "reference_price": 0.01,
    "iva": 21,
    "reference_unit": "1 U",
    "date": "2023-01-17"
  },
  {
    "id": 30288,
    "name": "Quitamanchas en Spray CONSUM",
    "description": "Quitamanchas en Spray 720 ml",
    "category": "Aditivos y complementos",
    "url": "https://tienda.consum.es/es/p/quitamanchas-en-spray/7405160",
    "price": 2.1,
    "reference_price": 2.92,
    "iva": 21,
    "reference_unit": "1 L",
    "date": "2023-01-17"
  },
  {
    "id": 30289,
    "name": "Body Superfood Cacao y Ceramída GARNIER BODY",
    "description": "Body Superfood Cacao y Ceramída 380 ml",
    "category": "Body-lociones",
    "url": "https://tienda.consum.es/es/p/body-superfood-cacao-y-ceramida/7406155",
    "price": 5.99,
    "reference_price": 1.58,
    "iva": 21,
    "reference_unit": "100 ml",
    "date": "2023-01-17"
  },
  {
    "id": 30291,
    "name": "Body Superfood Sandía y A.Hialurónico GARNIER BODY",
    "description": "Body Superfood Sandía y A.Hialurónico 380 ml",
    "category": "Body-lociones",
    "url": "https://tienda.consum.es/es/p/body-superfood-sandia-y-ahialuronico/7406171",
    "price": 5.99,
    "reference_price": 1.58,
    "iva": 21,
    "reference_unit": "100 ml",
    "date": "2023-01-17"
  },
  {
    "id": 30295,
    "name": "Colonia Be Insane Black Hombre PACHA",
    "description": "Colonia Be Insane Black Hombre 100 ml",
    "category": "Masculinas",
    "url": "https://tienda.consum.es/es/p/colonia-be-insane-black-hombre/7406804",
    "price": 9.95,
    "reference_price": 9.95,
    "iva": 21,
    "reference_unit": "100 ml",
    "date": "2023-01-17"
  },
  {
    "id": 30296,
    "name": "Colonia Be Insane Black Mujer PACHA",
    "description": "Colonia Be Insane Black Mujer 80 ml",
    "category": "Femeninas",
    "url": "https://tienda.consum.es/es/p/colonia-be-insane-black-mujer/7406911",
    "price": 9.95,
    "reference_price": 12.44,
    "iva": 21,
    "reference_unit": "100 ml",
    "date": "2023-01-17"
  },
  {
    "id": 30302,
    "name": "Compresa Clásica Noche AUSONIA",
    "description": "Compresa Clásica Noche 9 U",
    "category": "Compresas y protegeslips",
    "url": "https://tienda.consum.es/es/p/compresa-clasica-noche/7407195",
    "price": 2.17,
    "reference_price": 0.24,
    "iva": 4,
    "reference_unit": "1 U",
    "date": "2023-01-17"
  },
  {
    "id": 30303,
    "name": "Gel De Baño Aloe Vera LA TOJA",
    "description": "Gel De Baño Aloe Vera 550 ml",
    "category": "Gel de baño",
    "url": "https://tienda.consum.es/es/p/gel-de-bano-aloe-vera/7407232",
    "price": 2.65,
    "reference_price": 0.48,
    "iva": 21,
    "reference_unit": "100 ml",
    "date": "2023-01-17"
  },
  {
    "id": 30304,
    "name": "Gel De Baño Body Milk LA TOJA",
    "description": "Gel De Baño Body Milk 550 ml",
    "category": "Gel de baño",
    "url": "https://tienda.consum.es/es/p/gel-de-bano-body-milk/7407237",
    "price": 2.65,
    "reference_price": 0.48,
    "iva": 21,
    "reference_unit": "100 ml",
    "date": "2023-01-17"
  },
  {
    "id": 30308,
    "name": "Bombones Dark 85% NESTLE",
    "description": "Bombones Dark 85% 141 Gr",
    "category": "Chocolatinas y bombones",
    "url": "https://tienda.consum.es/es/p/bombones-dark-85/7407724",
    "price": 5.75,
    "reference_price": 40.78,
    "iva": 10,
    "reference_unit": "1 Kg",
    "date": "2023-01-17"
  },
  {
    "id": 30310,
    "name": "Comida Gato Esterilizado Fit & Delicius Pescado ULTIMA",
    "description": "Comida Gato Esterilizado Fit & Delicius Pescado 12 x 85 Gr",
    "category": "Húmedo",
    "url": "https://tienda.consum.es/es/p/comida-gato-esterilizado-fit-delicius-pescado/7407799",
    "price": 9.65,
    "reference_price": 9.46,
    "iva": 10,
    "reference_unit": "1 Kg",
    "date": "2023-01-17"
  },
  {
    "id": 30311,
    "name": "Tapa de Vidrio 18 cm Borde Acero Inox COPERCHIO",
    "description": "Tapa de Vidrio 18 cm Borde Acero Inox 1 U",
    "category": "Menaje cocina",
    "url": "https://tienda.consum.es/es/p/tapa-de-vidrio-18-cm-borde-acero-inox/7407919",
    "price": 5.89,
    "reference_price": 5.89,
    "iva": 21,
    "reference_unit": "1 U",
    "date": "2023-01-17"
  },
  {
    "id": 30312,
    "name": "Tapa de Vidrio 24 cm Borde Acero Inox COPERCHIO",
    "description": "Tapa de Vidrio 24 cm Borde Acero Inox 1 U",
    "category": "Menaje cocina",
    "url": "https://tienda.consum.es/es/p/tapa-de-vidrio-24-cm-borde-acero-inox/7407922",
    "price": 7.99,
    "reference_price": 7.99,
    "iva": 21,
    "reference_unit": "1 U",
    "date": "2023-01-17"
  },
  {
    "id": 30313,
    "name": "Escoba Básica MIK",
    "description": "Escoba Básica 1 U",
    "category": "Escoba y recogedor",
    "url": "https://tienda.consum.es/es/p/escoba-basica/7407950",
    "price": 1.39,
    "reference_price": 1.39,
    "iva": 21,
    "reference_unit": "1 U",
    "date": "2023-01-17"
  },
  {
    "id": 30314,
    "name": "Escoba Multiusos MIK",
    "description": "Escoba Multiusos 1 U",
    "category": "Escoba y recogedor",
    "url": "https://tienda.consum.es/es/p/escoba-multiusos/7407955",
    "price": 2.69,
    "reference_price": 2.69,
    "iva": 21,
    "reference_unit": "1 U",
    "date": "2023-01-17"
  },
  {
    "id": 30315,
    "name": "Escoba Especial para Espacios Pequeños MIK",
    "description": "Escoba Especial para Espacios Pequeños 1 U",
    "category": "Escoba y recogedor",
    "url": "https://tienda.consum.es/es/p/escoba-especial-para-espacios-pequenos/7407963",
    "price": 1.89,
    "reference_price": 1.89,
    "iva": 21,
    "reference_unit": "1 U",
    "date": "2023-01-17"
  },
  {
    "id": 30316,
    "name": "Escoba Exteriores MIK",
    "description": "Escoba Exteriores 1 U",
    "category": "Escoba y recogedor",
    "url": "https://tienda.consum.es/es/p/escoba-exteriores/7407968",
    "price": 2.89,
    "reference_price": 2.89,
    "iva": 21,
    "reference_unit": "1 U",
    "date": "2023-01-17"
  },
  {
    "id": 30317,
    "name": "Tabla de Pato Gourmet 4 sabores LA CUINA",
    "description": "Tabla de Pato Gourmet 4 sabores 4 x 50 Gr",
    "category": "Foie y patés ",
    "url": "https://tienda.consum.es/es/p/tabla-de-pato-gourmet-4-sabores/7408037",
    "price": 3.39,
    "reference_price": 16.95,
    "iva": 10,
    "reference_unit": "1 Kg",
    "date": "2023-01-17"
  },
  {
    "id": 30326,
    "name": "Caldo Natural de Cocido Botella EL PAVO",
    "description": "Caldo Natural de Cocido Botella 1 L",
    "category": "Caldos y sopas",
    "url": "https://tienda.consum.es/es/p/caldo-natural-de-cocido-botella/7408151",
    "price": 2.99,
    "reference_price": 2.99,
    "iva": 10,
    "reference_unit": "1 L",
    "date": "2023-01-17"
  },
  {
    "id": 30327,
    "name": "Caldo Natural de Pollo Botella EL PAVO",
    "description": "Caldo Natural de Pollo Botella 1 L",
    "category": "Caldos y sopas",
    "url": "https://tienda.consum.es/es/p/caldo-natural-de-pollo-botella/7408164",
    "price": 2.99,
    "reference_price": 2.99,
    "iva": 10,
    "reference_unit": "1 L",
    "date": "2023-01-17"
  },
  {
    "id": 30328,
    "name": "Caldo de Verduras Botella EL PAVO",
    "description": "Caldo de Verduras Botella 1 L",
    "category": "Caldos y sopas",
    "url": "https://tienda.consum.es/es/p/caldo-de-verduras-botella/7408180",
    "price": 2.99,
    "reference_price": 2.99,
    "iva": 10,
    "reference_unit": "1 L",
    "date": "2023-01-17"
  },
  {
    "id": 30369,
    "name": "Labial Vinyl Nº35 MAYBELLINE",
    "description": "Labial Vinyl Nº35 1 U",
    "category": "Labiales",
    "url": "https://tienda.consum.es/es/p/labial-vinyl-n35/7409055",
    "price": 11.9,
    "reference_price": 11.9,
    "iva": 21,
    "reference_unit": "1 U",
    "date": "2023-01-17"
  },
  {
    "id": 30372,
    "name": "Tortellini Pesto CONSUM",
    "description": "Tortellini Pesto 250 Gr",
    "category": "Pasta fresca",
    "url": "https://tienda.consum.es/es/p/tortellini-pesto/7395697",
    "price": 1.72,
    "reference_price": 6.88,
    "iva": 5,
    "reference_unit": "1 Kg",
    "date": "2023-01-17"
  },
  {
    "id": 30373,
    "name": "Papel de Horno CONSUM",
    "description": "Papel de Horno 30 U",
    "category": "Bazar",
    "url": "https://tienda.consum.es/es/p/papel-de-horno/7403942",
    "price": 1.7,
    "reference_price": 0.06,
    "iva": 21,
    "reference_unit": "1 U",
    "date": "2023-01-17"
  },
  {
    "id": 30374,
    "name": "Anchoa del Cantábrico en Aceite Oliva CONSUM",
    "description": "Anchoa del Cantábrico en Aceite Oliva 23 Gr",
    "category": "Anchoas",
    "url": "https://tienda.consum.es/es/p/anchoa-del-cantabrico-en-aceite-oliva/7404197",
    "price": 1.29,
    "reference_price": 5.61,
    "iva": 10,
    "reference_unit": "100 Gr",
    "date": "2023-01-17"
  },
  {
    "id": 30377,
    "name": "Porcion Atún Marinado ",
    "description": "Porcion Atún Marinado 225 Gr",
    "category": "Pescados y mariscos",
    "url": "https://tienda.consum.es/es/p/porcion-atun-marinado/7406262",
    "price": 3.99,
    "reference_price": 17.73,
    "iva": 10,
    "reference_unit": "1 Kg",
    "date": "2023-01-17"
  },
  {
    "id": 30379,
    "name": "Cruapan Clásico BIMBO",
    "description": "Cruapan Clásico 380 Gr",
    "category": "Panes especiales",
    "url": "https://tienda.consum.es/es/p/cruapan-clasico/7407877",
    "price": 2.99,
    "reference_price": 7.87,
    "iva": 10,
    "reference_unit": "1 Kg",
    "date": "2023-01-17"
  },
  {
    "id": 30380,
    "name": "Fumet de Marisco Botella EL PAELLER",
    "description": "Fumet de Marisco Botella 951 ml",
    "category": "Caldos y sopas",
    "url": "https://tienda.consum.es/es/p/fumet-de-marisco-botella/7408149",
    "price": 3.99,
    "reference_price": 4.2,
    "iva": 10,
    "reference_unit": "1 L",
    "date": "2023-01-17"
  },
  {
    "id": 30381,
    "name": "Edulcorante Stevia Comprimidos RIO",
    "description": "Edulcorante Stevia Comprimidos 200 Do",
    "category": "Edulcorantes",
    "url": "https://tienda.consum.es/es/p/edulcorante-stevia-comprimidos/7408503",
    "price": 1.85,
    "reference_price": 0.01,
    "iva": 10,
    "reference_unit": "1 Do",
    "date": "2023-01-17"
  },
  {
    "id": 30382,
    "name": "Nocistick Original NOCILLA",
    "description": "Nocistick Original 2 x 30 Gr",
    "category": "Cremas de desayuno",
    "url": "https://tienda.consum.es/es/p/nocistick-original/7408508",
    "price": 1.2,
    "reference_price": 20,
    "iva": 10,
    "reference_unit": "1 Kg",
    "date": "2023-01-17"
  },
  {
    "id": 30383,
    "name": "Set Maquillaje Infantil MARTINELIA",
    "description": "Set Maquillaje Infantil 1 U",
    "category": "Estuches",
    "url": "https://tienda.consum.es/es/p/set-maquillaje-infantil/7408511",
    "price": 4.99,
    "reference_price": 4.99,
    "iva": 21,
    "reference_unit": "1 U",
    "date": "2023-01-17"
  },
  {
    "id": 30384,
    "name": "Edulcorante Stevia Liquido RIO",
    "description": "Edulcorante Stevia Liquido 125 ml",
    "category": "Edulcorantes",
    "url": "https://tienda.consum.es/es/p/edulcorante-stevia-liquido/7408524",
    "price": 1.85,
    "reference_price": 14.8,
    "iva": 10,
    "reference_unit": "1 L",
    "date": "2023-01-17"
  },
  {
    "id": 30385,
    "name": "Edulcorante Stevia Granulado RIO",
    "description": "Edulcorante Stevia Granulado 200 Gr",
    "category": "Azúcar y edulcorantes",
    "url": "https://tienda.consum.es/es/p/edulcorante-stevia-granulado/7408529",
    "price": 3.2,
    "reference_price": 16,
    "iva": 10,
    "reference_unit": "1 Kg",
    "date": "2023-01-17"
  },
  {
    "id": 30386,
    "name": "Pack Recambios 4 Fusion+2 ProGlide GILLETTE",
    "description": "Pack Recambios 4 Fusion+2 ProGlide 6 U",
    "category": "Recambios hojas afeitar",
    "url": "https://tienda.consum.es/es/p/pack-recambios-4-fusion2-proglide/7408552",
    "price": 22.95,
    "reference_price": 3.83,
    "iva": 21,
    "reference_unit": "1 U",
    "date": "2023-01-17"
  },
  {
    "id": 30387,
    "name": "Recambios Maquinilla Match3 GILLETTE",
    "description": "Recambios Maquinilla Match3 6 U",
    "category": "Recambios hojas afeitar",
    "url": "https://tienda.consum.es/es/p/recambios-maquinilla-match3/7408557",
    "price": 15.59,
    "reference_price": 2.6,
    "iva": 21,
    "reference_unit": "1 U",
    "date": "2023-01-17"
  },
  {
    "id": 30388,
    "name": "Jabón Manos Mousse Melón THE FRUIT C",
    "description": "Jabón Manos Mousse Melón 250 ml",
    "category": "Gel de manos",
    "url": "https://tienda.consum.es/es/p/jabon-manos-mousse-melon/7408581",
    "price": 2.1,
    "reference_price": 0.84,
    "iva": 21,
    "reference_unit": "100 ml",
    "date": "2023-01-17"
  },
  {
    "id": 30390,
    "name": "Cerveza Tostada 0,0 Pack de 6 botellas E.GALICIA",
    "description": "Cerveza Tostada 0,0 Pack de 6 botellas 6 x 0,25 L",
    "category": "0, 0 y 0, 9",
    "url": "https://tienda.consum.es/es/p/cerveza-tostada-00-pack-de-6-botellas/7408602",
    "price": 4.19,
    "reference_price": 2.79,
    "iva": 21,
    "reference_unit": "1 L",
    "date": "2023-01-17"
  },
  {
    "id": 30393,
    "name": "Jamón de Teruel DOP Peso Aproximado 8-8,5 K ARCOIRIS",
    "description": "Jamón de Teruel DOP Peso Aproximado 8-8,5 K 8 Kg",
    "category": "Jamón",
    "url": "https://tienda.consum.es/es/p/jamon-de-teruel-dop-peso-aproximado-8-85-k/7408784",
    "price": 95,
    "reference_price": 11.88,
    "iva": 10,
    "reference_unit": "1 Kg",
    "date": "2023-01-17"
  },
  {
    "id": 30395,
    "name": "Jabón Marsella en Escamas E.BLANCO",
    "description": "Jabón Marsella en Escamas 200 Gr",
    "category": "A mano y jabón común",
    "url": "https://tienda.consum.es/es/p/jabon-marsella-en-escamas/7408859",
    "price": 2.15,
    "reference_price": 10.75,
    "iva": 21,
    "reference_unit": "1 Kg",
    "date": "2023-01-17"
  },
  {
    "id": 30396,
    "name": "Colonia Nº7 Frescor Mediterráneo V&L",
    "description": "Colonia Nº7 Frescor Mediterráneo 150 ml",
    "category": "Masculinas",
    "url": "https://tienda.consum.es/es/p/colonia-n7-frescor-mediterraneo/7408870",
    "price": 9.9,
    "reference_price": 6.6,
    "iva": 21,
    "reference_unit": "100 ml",
    "date": "2023-01-17"
  },
  {
    "id": 30397,
    "name": "Calamar Patagónico Bandeja 150g ",
    "description": "Calamar Patagónico Bandeja 150g 150 Gr",
    "category": "Pescadería",
    "url": "https://tienda.consum.es/es/p/calamar-patagonico-bandeja-150g/7408953",
    "price": 4.99,
    "reference_price": 33.27,
    "iva": 10,
    "reference_unit": "1 Kg",
    "date": "2023-01-17"
  },
  {
    "id": 30398,
    "name": "Tortellini Pollo Bacon CONSUM",
    "description": "Tortellini Pollo Bacon 250 Gr",
    "category": "Pasta fresca",
    "url": "https://tienda.consum.es/es/p/tortellini-pollo-bacon/7395721",
    "price": 1.72,
    "reference_price": 6.88,
    "iva": 5,
    "reference_unit": "1 Kg",
    "date": "2023-01-17"
  },
  {
    "id": 30401,
    "name": "Tonica Zero Lata NORDIC MIST",
    "description": "Tonica Zero Lata 0,25 L",
    "category": "Tónica",
    "url": "https://tienda.consum.es/es/p/tonica-zero-lata/7404200",
    "price": 0.64,
    "reference_price": 2.56,
    "iva": 21,
    "reference_unit": "1 L",
    "date": "2023-01-17"
  },
  {
    "id": 30402,
    "name": "Gel Antical Botella CONSUM",
    "description": "Gel Antical Botella 750 ml",
    "category": "Aditivos y complementos",
    "url": "https://tienda.consum.es/es/p/gel-antical-botella/7404957",
    "price": 2.35,
    "reference_price": 3.13,
    "iva": 21,
    "reference_unit": "1 L",
    "date": "2023-01-17"
  },
  {
    "id": 30412,
    "name": "Suavizante Delicado Pieles Sensibles VERNEL",
    "description": "Suavizante Delicado Pieles Sensibles 70 Lv",
    "category": "Suavizante",
    "url": "https://tienda.consum.es/es/p/suavizante-delicado-pieles-sensibles/7407836",
    "price": 3.6,
    "reference_price": 0.05,
    "iva": 21,
    "reference_unit": "1 Lv",
    "date": "2023-01-17"
  },
  {
    "id": 30413,
    "name": "Suavizante Frescor Marino VERNEL",
    "description": "Suavizante Frescor Marino 70 Lv",
    "category": "Suavizante",
    "url": "https://tienda.consum.es/es/p/suavizante-frescor-marino/7407844",
    "price": 3.6,
    "reference_price": 0.05,
    "iva": 21,
    "reference_unit": "1 Lv",
    "date": "2023-01-17"
  },
  {
    "id": 30414,
    "name": "Suavizante Concentrado Azul VERNEL",
    "description": "Suavizante Concentrado Azul 70 Lv",
    "category": "Suavizante",
    "url": "https://tienda.consum.es/es/p/suavizante-concentrado-azul/7407849",
    "price": 3.6,
    "reference_price": 0.05,
    "iva": 21,
    "reference_unit": "1 Lv",
    "date": "2023-01-17"
  },
  {
    "id": 30415,
    "name": "Suavizante Aromaterapia Lirio VERNEL",
    "description": "Suavizante Aromaterapia Lirio 70 Lv",
    "category": "Suavizante",
    "url": "https://tienda.consum.es/es/p/suavizante-aromaterapia-lirio/7407851",
    "price": 3.6,
    "reference_price": 0.05,
    "iva": 21,
    "reference_unit": "1 Lv",
    "date": "2023-01-17"
  },
  {
    "id": 30416,
    "name": "Zumo de Frutas y Leche Paraíso Natural s/azúcar BIFRUTAS",
    "description": "Zumo de Frutas y Leche Paraíso Natural s/azúcar 240 ml",
    "category": "Zumos con leche",
    "url": "https://tienda.consum.es/es/p/zumo-de-frutas-y-leche-paraiso-natural-s/azucar/7408565",
    "price": 0.89,
    "reference_price": 3.71,
    "iva": 10,
    "reference_unit": "1 L",
    "date": "2023-01-17"
  },
  {
    "id": 30417,
    "name": "Bebida de Soja sin Azúcar Brik VEGETANEA",
    "description": "Bebida de Soja sin Azúcar Brik 1 L",
    "category": "Bebidas vegetales",
    "url": "https://tienda.consum.es/es/p/bebida-de-soja-sin-azucar-brik/7408607",
    "price": 1.39,
    "reference_price": 1.39,
    "iva": 10,
    "reference_unit": "1 L",
    "date": "2023-01-17"
  },
  {
    "id": 30418,
    "name": "Bebida de Avena sin Azúcar Brik VEGETANEA",
    "description": "Bebida de Avena sin Azúcar Brik 1 L",
    "category": "Bebidas vegetales",
    "url": "https://tienda.consum.es/es/p/bebida-de-avena-sin-azucar-brik/7408610",
    "price": 1.75,
    "reference_price": 1.75,
    "iva": 10,
    "reference_unit": "1 L",
    "date": "2023-01-17"
  },
  {
    "id": 30419,
    "name": "Bebida de Almendra sin Azúcar Brik VEGETANEA",
    "description": "Bebida de Almendra sin Azúcar Brik 1 L",
    "category": "Bebidas vegetales",
    "url": "https://tienda.consum.es/es/p/bebida-de-almendra-sin-azucar-brik/7408615",
    "price": 1.95,
    "reference_price": 1.95,
    "iva": 10,
    "reference_unit": "1 L",
    "date": "2023-01-17"
  },
  {
    "id": 30421,
    "name": "Palmeras al Cacao ",
    "description": "Palmeras al Cacao 175 Gr",
    "category": "Pastas de té",
    "url": "https://tienda.consum.es/es/p/palmeras-al-cacao/7408834",
    "price": 2.99,
    "reference_price": 17.09,
    "iva": 10,
    "reference_unit": "1 Kg",
    "date": "2023-01-17"
  },
  {
    "id": 30422,
    "name": "Gummies Multivitaminas VITALDIN",
    "description": "Gummies Multivitaminas 36 U",
    "category": "Otros",
    "url": "https://tienda.consum.es/es/p/gummies-multivitaminas/7408917",
    "price": 6.25,
    "reference_price": 0.17,
    "iva": 10,
    "reference_unit": "1 U",
    "date": "2023-01-17"
  },
  {
    "id": 30423,
    "name": "Gummies Melatonina VITALDIN",
    "description": "Gummies Melatonina 35 U",
    "category": "Otros",
    "url": "https://tienda.consum.es/es/p/gummies-melatonina/7408920",
    "price": 6.25,
    "reference_price": 0.18,
    "iva": 10,
    "reference_unit": "1 U",
    "date": "2023-01-17"
  },
  {
    "id": 30424,
    "name": "Gummies Biotina+Colágeno VITALDIN",
    "description": "Gummies Biotina+Colágeno 30 U",
    "category": "Otros",
    "url": "https://tienda.consum.es/es/p/gummies-biotinacolageno/7408925",
    "price": 6.25,
    "reference_price": 0.21,
    "iva": 10,
    "reference_unit": "1 U",
    "date": "2023-01-17"
  },
  {
    "id": 30425,
    "name": "Blanqueador Percarbonato LINA",
    "description": "Blanqueador Percarbonato 700 Gr",
    "category": "Aditivos y complementos",
    "url": "https://tienda.consum.es/es/p/blanqueador-percarbonato/7408938",
    "price": 1.85,
    "reference_price": 2.64,
    "iva": 21,
    "reference_unit": "1 Kg",
    "date": "2023-01-17"
  },
  {
    "id": 30426,
    "name": "Paté Tapa Negra con Trufa LA PIARA",
    "description": "Paté Tapa Negra con Trufa 110 Gr",
    "category": "Patés y untables",
    "url": "https://tienda.consum.es/es/p/pate-tapa-negra-con-trufa/7409068",
    "price": 1.95,
    "reference_price": 17.73,
    "iva": 10,
    "reference_unit": "1 Kg",
    "date": "2023-01-17"
  },
  {
    "id": 30427,
    "name": "Suavizante Coco Líquido VERNEL",
    "description": "Suavizante Coco Líquido 95 Lv",
    "category": "Suavizante",
    "url": "https://tienda.consum.es/es/p/suavizante-coco-liquido/7409076",
    "price": 4.69,
    "reference_price": 0.05,
    "iva": 21,
    "reference_unit": "1 Lv",
    "date": "2023-01-17"
  },
  {
    "id": 30428,
    "name": "Suavizante Azul Líquido VERNEL",
    "description": "Suavizante Azul Líquido 95 Lv",
    "category": "Suavizante",
    "url": "https://tienda.consum.es/es/p/suavizante-azul-liquido/7409089",
    "price": 4.69,
    "reference_price": 0.05,
    "iva": 21,
    "reference_unit": "1 Lv",
    "date": "2023-01-17"
  },
  {
    "id": 30429,
    "name": "Suavizante Líquido Aroma Magnolia VERNEL",
    "description": "Suavizante Líquido Aroma Magnolia 95 Lv",
    "category": "Suavizante",
    "url": "https://tienda.consum.es/es/p/suavizante-liquido-aroma-magnolia/7409097",
    "price": 4.69,
    "reference_price": 0.05,
    "iva": 21,
    "reference_unit": "1 Lv",
    "date": "2023-01-17"
  },
  {
    "id": 30430,
    "name": "Huevo con Sorpresa ZAINI",
    "description": "Huevo con Sorpresa 3 x 20 Gr",
    "category": "Chocolatinas y bombones",
    "url": "https://tienda.consum.es/es/p/huevo-con-sorpresa/7409100",
    "price": 1.75,
    "reference_price": 29.17,
    "iva": 10,
    "reference_unit": "1 Kg",
    "date": "2023-01-17"
  },
  {
    "id": 30431,
    "name": "Suavizante Fresh Azul Líquido VERNEL",
    "description": "Suavizante Fresh Azul Líquido 88 Lv",
    "category": "Suavizante",
    "url": "https://tienda.consum.es/es/p/suavizante-fresh-azul-liquido/7409241",
    "price": 4.69,
    "reference_price": 0.05,
    "iva": 21,
    "reference_unit": "1 Lv",
    "date": "2023-01-17"
  },
  {
    "id": 30432,
    "name": "Suavizante Maldivas Líquido VERNEL",
    "description": "Suavizante Maldivas Líquido 95 Lv",
    "category": "Suavizante",
    "url": "https://tienda.consum.es/es/p/suavizante-maldivas-liquido/7409253",
    "price": 4.69,
    "reference_price": 0.05,
    "iva": 21,
    "reference_unit": "1 Lv",
    "date": "2023-01-17"
  },
  {
    "id": 30433,
    "name": "Suavizante Selva Líquido VERNEL",
    "description": "Suavizante Selva Líquido 95 Lv",
    "category": "Suavizante",
    "url": "https://tienda.consum.es/es/p/suavizante-selva-liquido/7409258",
    "price": 4.69,
    "reference_price": 0.05,
    "iva": 21,
    "reference_unit": "1 Lv",
    "date": "2023-01-17"
  },
  {
    "id": 30434,
    "name": "Patatas Fritas Huevo Trufado LAY'S",
    "description": "Patatas Fritas Huevo Trufado 150 Gr",
    "category": "Patatas fritas",
    "url": "https://tienda.consum.es/es/p/patatas-fritas-huevo-trufado/7409282",
    "price": 2.79,
    "reference_price": 18.6,
    "iva": 10,
    "reference_unit": "1 Kg",
    "date": "2023-01-17"
  },
  {
    "id": 30435,
    "name": "Turbante Femenino Colección Otoño/Invierno PONETTE",
    "description": "Turbante Femenino Colección Otoño/Invierno 1 U",
    "category": "Peines y accesorios",
    "url": "https://tienda.consum.es/es/p/turbante-femenino-coleccion-otono/invierno/7409287",
    "price": 2.99,
    "reference_price": 2.99,
    "iva": 21,
    "reference_unit": "1 U",
    "date": "2023-01-17"
  },
  {
    "id": 30436,
    "name": "Cocktail Almibar Ligero Pack de 3 SOL ARCHENA",
    "description": "Cocktail Almibar Ligero Pack de 3 3 x 115 Gr",
    "category": "Frutas en almíbar y en su jugo",
    "url": "https://tienda.consum.es/es/p/cocktail-almibar-ligero-pack-de-3/7409352",
    "price": 2.59,
    "reference_price": 7.51,
    "iva": 10,
    "reference_unit": "1 Kg",
    "date": "2023-01-17"
  },
  {
    "id": 30437,
    "name": "Escoba Antichoque MIK",
    "description": "Escoba Antichoque 1 U",
    "category": "Escoba y recogedor",
    "url": "https://tienda.consum.es/es/p/escoba-antichoque/7409360",
    "price": 3.89,
    "reference_price": 3.89,
    "iva": 21,
    "reference_unit": "1 U",
    "date": "2023-01-17"
  },
  {
    "id": 30440,
    "name": "Turbante Infantil Colección Otoño/Invierno PONETTE",
    "description": "Turbante Infantil Colección Otoño/Invierno 1 U",
    "category": "Peines y accesorios",
    "url": "https://tienda.consum.es/es/p/turbante-infantil-coleccion-otono/invierno/7409407",
    "price": 2.99,
    "reference_price": 2.99,
    "iva": 21,
    "reference_unit": "1 U",
    "date": "2023-01-17"
  },
  {
    "id": 30441,
    "name": "Diadema Femenina Colección Otoño/Invierno PONETTE",
    "description": "Diadema Femenina Colección Otoño/Invierno 1 U",
    "category": "Peines y accesorios",
    "url": "https://tienda.consum.es/es/p/diadema-femenina-coleccion-otono/invierno/7409415",
    "price": 2.99,
    "reference_price": 2.99,
    "iva": 21,
    "reference_unit": "1 U",
    "date": "2023-01-17"
  },
  {
    "id": 30443,
    "name": "Mini Tartaletas 12 Unidades MELS",
    "description": "Mini Tartaletas 12 Unidades 84 Gr",
    "category": "Rosquilletas, picos y snacks",
    "url": "https://tienda.consum.es/es/p/mini-tartaletas-12-unidades/7409428",
    "price": 1.59,
    "reference_price": 18.93,
    "iva": 10,
    "reference_unit": "1 Kg",
    "date": "2023-01-17"
  },
  {
    "id": 30444,
    "name": "Talonera Alza Señora ACHUCHONA",
    "description": "Talonera Alza Señora 2 U",
    "category": "Limpieza calzado y accesorios",
    "url": "https://tienda.consum.es/es/p/talonera-alza-senora/7409444",
    "price": 2.99,
    "reference_price": 1.5,
    "iva": 21,
    "reference_unit": "1 U",
    "date": "2023-01-17"
  },
  {
    "id": 30445,
    "name": "Talonera Alza Caballero ACHUCHONA",
    "description": "Talonera Alza Caballero 2 U",
    "category": "Limpieza calzado y accesorios",
    "url": "https://tienda.consum.es/es/p/talonera-alza-caballero/7409449",
    "price": 2.99,
    "reference_price": 1.5,
    "iva": 21,
    "reference_unit": "1 U",
    "date": "2023-01-17"
  },
  {
    "id": 30446,
    "name": "Plantillas Memory Gel ACHUCHONAS",
    "description": "Plantillas Memory Gel 2 U",
    "category": "Limpieza calzado y accesorios",
    "url": "https://tienda.consum.es/es/p/plantillas-memory-gel/7409498",
    "price": 5.99,
    "reference_price": 3,
    "iva": 21,
    "reference_unit": "1 U",
    "date": "2023-01-17"
  },
  {
    "id": 30447,
    "name": "Diadema Infantil Colección Otoño/Invierno PONETTE",
    "description": "Diadema Infantil Colección Otoño/Invierno 1 U",
    "category": "Peines y accesorios",
    "url": "https://tienda.consum.es/es/p/diadema-infantil-coleccion-otono/invierno/7409522",
    "price": 2.99,
    "reference_price": 2.99,
    "iva": 21,
    "reference_unit": "1 U",
    "date": "2023-01-17"
  },
  {
    "id": 30448,
    "name": "Coletero Textil Colección Otoño/Invierno PONETTE",
    "description": "Coletero Textil Colección Otoño/Invierno 2 U",
    "category": "Peines y accesorios",
    "url": "https://tienda.consum.es/es/p/coletero-textil-coleccion-otono/invierno/7409548",
    "price": 2.6,
    "reference_price": 1.3,
    "iva": 21,
    "reference_unit": "1 U",
    "date": "2023-01-17"
  },
  {
    "id": 30449,
    "name": "Coletero Textil Infantil Colección Otoño/Invierno PONETTE",
    "description": "Coletero Textil Infantil Colección Otoño/Invierno 1 U",
    "category": "Peines y accesorios",
    "url": "https://tienda.consum.es/es/p/coletero-textil-infantil-coleccion-otono/invierno/7409550",
    "price": 2.6,
    "reference_price": 2.6,
    "iva": 21,
    "reference_unit": "1 U",
    "date": "2023-01-17"
  },
  {
    "id": 30450,
    "name": "Coletero Femenino Pañuelo PONETTE",
    "description": "Coletero Femenino Pañuelo 1 U",
    "category": "Peines y accesorios",
    "url": "https://tienda.consum.es/es/p/coletero-femenino-panuelo/7409555",
    "price": 2.6,
    "reference_price": 2.6,
    "iva": 21,
    "reference_unit": "1 U",
    "date": "2023-01-17"
  },
  {
    "id": 30454,
    "name": "Café Grano Natural CONSUM",
    "description": "Café Grano Natural 500 Gr",
    "category": "Café Grano",
    "url": "https://tienda.consum.es/es/p/cafe-grano-natural/7386118",
    "price": 3.75,
    "reference_price": 7.5,
    "iva": 10,
    "reference_unit": "1 Kg",
    "date": "2023-01-17"
  },
  {
    "id": 30455,
    "name": "Limpiahogar Brillo Flores Blancas CONSUM",
    "description": "Limpiahogar Brillo Flores Blancas 1,25 L",
    "category": "Limpieza hogar",
    "url": "https://tienda.consum.es/es/p/limpiahogar-brillo-flores-blancas/7392744",
    "price": 2.65,
    "reference_price": 2.12,
    "iva": 21,
    "reference_unit": "1 L",
    "date": "2023-01-17"
  },
  {
    "id": 30462,
    "name": "Sirope de Agave Bio WASSY",
    "description": "Sirope de Agave Bio 350 Gr",
    "category": "Edulcorantes",
    "url": "https://tienda.consum.es/es/p/sirope-de-agave-bio/7407547",
    "price": 2.5,
    "reference_price": 7.14,
    "iva": 10,
    "reference_unit": "1 Kg",
    "date": "2023-01-17"
  },
  {
    "id": 30463,
    "name": "Lavavajillas Máquina Platinum Plus 18 más 3 FAIRY",
    "description": "Lavavajillas Máquina Platinum Plus 18 más 3 21 Do",
    "category": "Lavavajillas a máquina",
    "url": "https://tienda.consum.es/es/p/lavavajillas-maquina-platinum-plus-18-mas-3/7407786",
    "price": 9.99,
    "reference_price": 0.48,
    "iva": 21,
    "reference_unit": "1 Do",
    "date": "2023-01-17"
  },
  {
    "id": 30464,
    "name": "Cereales Fitness NESTLE",
    "description": "Cereales Fitness 375 Gr",
    "category": "Cereales",
    "url": "https://tienda.consum.es/es/p/cereales-fitness/7407823",
    "price": 2.79,
    "reference_price": 7.44,
    "iva": 10,
    "reference_unit": "1 Kg",
    "date": "2023-01-17"
  },
  {
    "id": 30465,
    "name": "Detergente Gel DIXAN",
    "description": "Detergente Gel 75 Lv",
    "category": "A máquina líquido",
    "url": "https://tienda.consum.es/es/p/detergente-gel/7408011",
    "price": 15.99,
    "reference_price": 0.21,
    "iva": 21,
    "reference_unit": "1 Lv",
    "date": "2023-01-17"
  },
  {
    "id": 30469,
    "name": "Vino Tinto D.O. Cataluña FREIXENET",
    "description": "Vino Tinto D.O. Cataluña 0,75 L",
    "category": "Vinos d.o",
    "url": "https://tienda.consum.es/es/p/vino-tinto-do-cataluna/7408826",
    "price": 5.39,
    "reference_price": 7.19,
    "iva": 21,
    "reference_unit": "1 L",
    "date": "2023-01-17"
  },
  {
    "id": 30470,
    "name": "Salteado de Ajetes Espárragos y Gambas CONSUM",
    "description": "Salteado de Ajetes Espárragos y Gambas 450 Gr",
    "category": "Salteados y revueltos",
    "url": "https://tienda.consum.es/es/p/salteado-de-ajetes-esparragos-y-gambas/7408839",
    "price": 2.89,
    "reference_price": 6.42,
    "iva": 10,
    "reference_unit": "1 Kg",
    "date": "2023-01-17"
  },
  {
    "id": 30471,
    "name": "Maquinilla Desechable Sensor3 Recycled GILLETTE",
    "description": "Maquinilla Desechable Sensor3 Recycled 4 U",
    "category": "Maquinillas de afeitar",
    "url": "https://tienda.consum.es/es/p/maquinilla-desechable-sensor3-recycled/7408862",
    "price": 4.99,
    "reference_price": 1.25,
    "iva": 21,
    "reference_unit": "1 U",
    "date": "2023-01-17"
  },
  {
    "id": 30473,
    "name": "Ravioli Bogavante & Burrata RANA",
    "description": "Ravioli Bogavante & Burrata 250 Gr",
    "category": "Pasta fresca",
    "url": "https://tienda.consum.es/es/p/ravioli-bogavante-burrata/7408974",
    "price": 4.53,
    "reference_price": 18.12,
    "iva": 10,
    "reference_unit": "1 Kg",
    "date": "2023-01-17"
  },
  {
    "id": 30474,
    "name": "Crema Iluminadora Noche Vitamina C OLAY",
    "description": "Crema Iluminadora Noche Vitamina C 50 ml",
    "category": "Hidratación",
    "url": "https://tienda.consum.es/es/p/crema-iluminadora-noche-vitamina-c/7409030",
    "price": 31.9,
    "reference_price": 63.8,
    "iva": 21,
    "reference_unit": "100 ml",
    "date": "2023-01-17"
  },
  {
    "id": 30475,
    "name": "Suavizante Fresh Azul Líquido VERNEL",
    "description": "Suavizante Fresh Azul Líquido 64 Lv",
    "category": "Suavizante",
    "url": "https://tienda.consum.es/es/p/suavizante-fresh-azul-liquido/7409071",
    "price": 3.6,
    "reference_price": 0.06,
    "iva": 21,
    "reference_unit": "1 Lv",
    "date": "2023-01-17"
  },
  {
    "id": 30476,
    "name": "Galleta Cookies & Cream NOCILLA",
    "description": "Galleta Cookies & Cream 120 Gr",
    "category": "Galletas de chocolate",
    "url": "https://tienda.consum.es/es/p/galleta-cookies-cream/7409154",
    "price": 2.29,
    "reference_price": 19.08,
    "iva": 10,
    "reference_unit": "1 Kg",
    "date": "2023-01-17"
  },
  {
    "id": 30477,
    "name": "Galleta Rellena Fresa y Vainilla OREO REMIX",
    "description": "Galleta Rellena Fresa y Vainilla 157 Gr",
    "category": "Galletas",
    "url": "https://tienda.consum.es/es/p/galleta-rellena-fresa-y-vainilla/7409167",
    "price": 1.49,
    "reference_price": 9.49,
    "iva": 10,
    "reference_unit": "1 Kg",
    "date": "2023-01-17"
  },
  {
    "id": 30478,
    "name": "Medio Pulpo Cocido 350g ",
    "description": "Medio Pulpo Cocido 350g 350 Gr",
    "category": "Pescados y mariscos",
    "url": "https://tienda.consum.es/es/p/medio-pulpo-cocido-350g/7409170",
    "price": 13.5,
    "reference_price": 38.57,
    "iva": 10,
    "reference_unit": "1 Kg",
    "date": "2023-01-17"
  },
  {
    "id": 30479,
    "name": "Crema Untar Cookies & Cream NOCILLA",
    "description": "Crema Untar Cookies & Cream 180 Gr",
    "category": "Cremas de desayuno",
    "url": "https://tienda.consum.es/es/p/crema-untar-cookies-cream/7409225",
    "price": 2.59,
    "reference_price": 14.39,
    "iva": 10,
    "reference_unit": "1 Kg",
    "date": "2023-01-17"
  },
  {
    "id": 30480,
    "name": "Galleta Rellena Caramelo y Vainilla OREO REMIX",
    "description": "Galleta Rellena Caramelo y Vainilla 157 Gr",
    "category": "Galletas",
    "url": "https://tienda.consum.es/es/p/galleta-rellena-caramelo-y-vainilla/7409238",
    "price": 1.49,
    "reference_price": 9.49,
    "iva": 10,
    "reference_unit": "1 Kg",
    "date": "2023-01-17"
  },
  {
    "id": 30481,
    "name": "Palmeras ",
    "description": "Palmeras 140 Gr",
    "category": "Pastas de té",
    "url": "https://tienda.consum.es/es/p/palmeras/7409324",
    "price": 2.39,
    "reference_price": 17.07,
    "iva": 10,
    "reference_unit": "1 Kg",
    "date": "2023-01-17"
  },
  {
    "id": 30482,
    "name": "Salsa Sour Cream Bote OLD EL PASO",
    "description": "Salsa Sour Cream Bote 230 Gr",
    "category": "Otras salsas",
    "url": "https://tienda.consum.es/es/p/salsa-sour-cream-bote/7409501",
    "price": 3.39,
    "reference_price": 14.74,
    "iva": 10,
    "reference_unit": "1 Kg",
    "date": "2023-01-17"
  },
  {
    "id": 30483,
    "name": "Tortillas de Maíz Sin Gluten 6 Unidades OLD EL PASO",
    "description": "Tortillas de Maíz Sin Gluten 6 Unidades 216 Gr",
    "category": "Cocina internacional",
    "url": "https://tienda.consum.es/es/p/tortillas-de-maiz-sin-gluten-6-unidades/7409519",
    "price": 3.39,
    "reference_price": 15.69,
    "iva": 10,
    "reference_unit": "1 Kg",
    "date": "2023-01-17"
  },
  {
    "id": 30484,
    "name": "Pasta Maravillas del Mar GALLO",
    "description": "Pasta Maravillas del Mar 450 Gr",
    "category": "Otras pastas secas",
    "url": "https://tienda.consum.es/es/p/pasta-maravillas-del-mar/7409543",
    "price": 1.33,
    "reference_price": 2.96,
    "iva": 5,
    "reference_unit": "1 Kg",
    "date": "2023-01-17"
  },
  {
    "id": 30489,
    "name": "Crema de Calabacín TAP TAP",
    "description": "Crema de Calabacín 350 Gr",
    "category": "Con verduras",
    "url": "https://tienda.consum.es/es/p/crema-de-calabacin/7409993",
    "price": 1.79,
    "reference_price": 5.11,
    "iva": 10,
    "reference_unit": "1 Kg",
    "date": "2023-01-17"
  },
  {
    "id": 30490,
    "name": "Crema de Espárragos TAP TAP",
    "description": "Crema de Espárragos 350 Gr",
    "category": "Con verduras",
    "url": "https://tienda.consum.es/es/p/crema-de-esparragos/7409998",
    "price": 1.89,
    "reference_price": 5.4,
    "iva": 10,
    "reference_unit": "1 Kg",
    "date": "2023-01-17"
  },
  {
    "id": 30491,
    "name": "Crema de Alcachofas TAP TAP",
    "description": "Crema de Alcachofas 350 Gr",
    "category": "Con verduras",
    "url": "https://tienda.consum.es/es/p/crema-de-alcachofas/7410004",
    "price": 1.89,
    "reference_price": 5.4,
    "iva": 10,
    "reference_unit": "1 Kg",
    "date": "2023-01-17"
  },
  {
    "id": 30492,
    "name": "Tarrito Espaguetis con Pollo NESTLE",
    "description": "Tarrito Espaguetis con Pollo 190 Gr",
    "category": "Alimentación infantil",
    "url": "https://tienda.consum.es/es/p/tarrito-espaguetis-con-pollo/7410298",
    "price": 1.39,
    "reference_price": 7.32,
    "iva": 10,
    "reference_unit": "1 Kg",
    "date": "2023-01-17"
  },
  {
    "id": 30494,
    "name": "Ensalada Pasta y atún FLORETTE",
    "description": "Ensalada Pasta y atún 325 Gr",
    "category": "Ensaladas preparadas y guacamole",
    "url": "https://tienda.consum.es/es/p/ensalada-pasta-y-atun/7410447",
    "price": 3.3,
    "reference_price": 10.15,
    "iva": 10,
    "reference_unit": "1 Kg",
    "date": "2023-01-17"
  },
  {
    "id": 30498,
    "name": "Compresa Incontinencia Normal KYREY PHARMA",
    "description": "Compresa Incontinencia Normal 24 U",
    "category": "Compresas y protegeslips",
    "url": "https://tienda.consum.es/es/p/compresa-incontinencia-normal/7377799",
    "price": 3.95,
    "reference_price": 0.16,
    "iva": 10,
    "reference_unit": "1 U",
    "date": "2023-01-17"
  },
  {
    "id": 30499,
    "name": "Compresa Incontinencia Extra KYREY PHARMA",
    "description": "Compresa Incontinencia Extra 20 U",
    "category": "Compresas y protegeslips",
    "url": "https://tienda.consum.es/es/p/compresa-incontinencia-extra/7377802",
    "price": 3.95,
    "reference_price": 0.2,
    "iva": 10,
    "reference_unit": "1 U",
    "date": "2023-01-17"
  },
  {
    "id": 30500,
    "name": "Hummus Clásico sin Gluten Vegano CONSUM",
    "description": "Hummus Clásico sin Gluten Vegano 200 Gr",
    "category": "Ensaladas y humus",
    "url": "https://tienda.consum.es/es/p/hummus-clasico-sin-gluten-vegano/7396781",
    "price": 1.15,
    "reference_price": 5.75,
    "iva": 10,
    "reference_unit": "1 Kg",
    "date": "2023-01-17"
  },
  {
    "id": 30501,
    "name": "Mayonesa Tarro CONSUM",
    "description": "Mayonesa Tarro 225 ml",
    "category": "Mayonesa",
    "url": "https://tienda.consum.es/es/p/mayonesa-tarro/7399301",
    "price": 1,
    "reference_price": 4.44,
    "iva": 10,
    "reference_unit": "1 L",
    "date": "2023-01-17"
  },
  {
    "id": 30502,
    "name": "Lavavajillas Concentrado Ultra CONSUM",
    "description": "Lavavajillas Concentrado Ultra 0,5 L",
    "category": "Lavavajillas a mano",
    "url": "https://tienda.consum.es/es/p/lavavajillas-concentrado-ultra/7406601",
    "price": 0.95,
    "reference_price": 1.9,
    "iva": 21,
    "reference_unit": "1 L",
    "date": "2023-01-17"
  },
  {
    "id": 30503,
    "name": "Lavavajillas Concentrado Ultra CONSUM",
    "description": "Lavavajillas Concentrado Ultra 1 L",
    "category": "Lavavajillas a mano",
    "url": "https://tienda.consum.es/es/p/lavavajillas-concentrado-ultra/7406619",
    "price": 1.55,
    "reference_price": 1.55,
    "iva": 21,
    "reference_unit": "1 L",
    "date": "2023-01-17"
  },
  {
    "id": 30507,
    "name": "Champú Suavizante Liso Asiático GLISS",
    "description": "Champú Suavizante Liso Asiático 250 ml",
    "category": "Mascarillas cabello",
    "url": "https://tienda.consum.es/es/p/champu-suavizante-liso-asiatico/7407815",
    "price": 2.99,
    "reference_price": 1.2,
    "iva": 21,
    "reference_unit": "100 ml",
    "date": "2023-01-17"
  },
  {
    "id": 30509,
    "name": "Hamburguesa de Atún ",
    "description": "Hamburguesa de Atún 120 Gr",
    "category": "Pescados y mariscos",
    "url": "https://tienda.consum.es/es/p/hamburguesa-de-atun/7408698",
    "price": 2.25,
    "reference_price": 18.75,
    "iva": 10,
    "reference_unit": "1 Kg",
    "date": "2023-01-17"
  },
  {
    "id": 30510,
    "name": "Máquina Afeitar Labs GILLETTE",
    "description": "Máquina Afeitar Labs 1 U",
    "category": "Maquinillas de afeitar",
    "url": "https://tienda.consum.es/es/p/maquina-afeitar-labs/7408842",
    "price": 26.49,
    "reference_price": 26.49,
    "iva": 21,
    "reference_unit": "1 U",
    "date": "2023-01-17"
  },
  {
    "id": 30511,
    "name": "Recambios Máquina Labs GILLETTE",
    "description": "Recambios Máquina Labs 4 U",
    "category": "Recambios hojas afeitar",
    "url": "https://tienda.consum.es/es/p/recambios-maquina-labs/7408847",
    "price": 22.49,
    "reference_price": 5.62,
    "iva": 21,
    "reference_unit": "1 U",
    "date": "2023-01-17"
  },
  {
    "id": 30512,
    "name": "Gel Afeitar Labs GILLETTE",
    "description": "Gel Afeitar Labs 198 ml",
    "category": "Gel y jabón de afeitado",
    "url": "https://tienda.consum.es/es/p/gel-afeitar-labs/7408854",
    "price": 7.49,
    "reference_price": 3.78,
    "iva": 21,
    "reference_unit": "100 ml",
    "date": "2023-01-17"
  },
  {
    "id": 30516,
    "name": "Crema Día Regenerist Collagen Peptide SPF30 OLAY",
    "description": "Crema Día Regenerist Collagen Peptide SPF30 50 ml",
    "category": "Hidratación",
    "url": "https://tienda.consum.es/es/p/crema-dia-regenerist-collagen-peptide-spf30/7409019",
    "price": 34.99,
    "reference_price": 69.98,
    "iva": 21,
    "reference_unit": "100 ml",
    "date": "2023-01-17"
  },
  {
    "id": 30521,
    "name": "Desodorante Spray Lactourea LACTOVIT",
    "description": "Desodorante Spray Lactourea 200 ml",
    "category": "Spray",
    "url": "https://tienda.consum.es/es/p/desodorante-spray-lactourea/7409647",
    "price": 3.15,
    "reference_price": 1.58,
    "iva": 21,
    "reference_unit": "100 ml",
    "date": "2023-01-17"
  },
  {
    "id": 30522,
    "name": "Estuche Infantil Supergirl MARTINELIA",
    "description": "Estuche Infantil Supergirl 1 U",
    "category": "Estuches",
    "url": "https://tienda.consum.es/es/p/estuche-infantil-supergirl/7409712",
    "price": 9.99,
    "reference_price": 9.99,
    "iva": 21,
    "reference_unit": "1 U",
    "date": "2023-01-17"
  },
  {
    "id": 30523,
    "name": "Cerveza Ipa Lata HOBGOBLIN",
    "description": "Cerveza Ipa Lata 0,5 L",
    "category": "Especialidades",
    "url": "https://tienda.consum.es/es/p/cerveza-ipa-lata/7409725",
    "price": 1.79,
    "reference_price": 3.58,
    "iva": 21,
    "reference_unit": "1 L",
    "date": "2023-01-17"
  },
  {
    "id": 30524,
    "name": "Suavizante Concentrado Original FLOR",
    "description": "Suavizante Concentrado Original 63 Lv",
    "category": "Suavizante",
    "url": "https://tienda.consum.es/es/p/suavizante-concentrado-original/7409761",
    "price": 2.79,
    "reference_price": 0.04,
    "iva": 21,
    "reference_unit": "1 Lv",
    "date": "2023-01-17"
  },
  {
    "id": 30525,
    "name": "Barritas 0% KRISSIA",
    "description": "Barritas 0% 200 Gr",
    "category": "Palitos de surimi y gulas",
    "url": "https://tienda.consum.es/es/p/barritas-0/7409774",
    "price": 2.5,
    "reference_price": 12.5,
    "iva": 10,
    "reference_unit": "1 Kg",
    "date": "2023-01-17"
  },
  {
    "id": 30526,
    "name": "Mini Tostas con Aceitunas Negras 11% ORTIZ",
    "description": "Mini Tostas con Aceitunas Negras 11% 120 Gr",
    "category": "Tostadas y minibiscotes",
    "url": "https://tienda.consum.es/es/p/mini-tostas-con-aceitunas-negras-11/7409832",
    "price": 1.79,
    "reference_price": 14.92,
    "iva": 10,
    "reference_unit": "1 Kg",
    "date": "2023-01-17"
  },
  {
    "id": 30527,
    "name": "Perlas Sensitive Frescor de Algodón LENOR",
    "description": "Perlas Sensitive Frescor de Algodón 210 Gr",
    "category": "Droguería y limpieza",
    "url": "https://tienda.consum.es/es/p/perlas-sensitive-frescor-de-algodon/7409852",
    "price": 4.99,
    "reference_price": 23.76,
    "iva": 21,
    "reference_unit": "1 Kg",
    "date": "2023-01-17"
  },
  {
    "id": 30531,
    "name": "Vino Tinto D.O. Ribera del Duero SEMELE",
    "description": "Vino Tinto D.O. Ribera del Duero 0,75 L",
    "category": "Vinos d.o",
    "url": "https://tienda.consum.es/es/p/vino-tinto-do-ribera-del-duero/7410038",
    "price": 9.95,
    "reference_price": 13.27,
    "iva": 21,
    "reference_unit": "1 L",
    "date": "2023-01-17"
  },
  {
    "id": 30533,
    "name": "Tarrito Verduritas con Pavo NESTLE",
    "description": "Tarrito Verduritas con Pavo 190 Gr",
    "category": "Alimentación infantil",
    "url": "https://tienda.consum.es/es/p/tarrito-verduritas-con-pavo/7410116",
    "price": 1.39,
    "reference_price": 7.32,
    "iva": 10,
    "reference_unit": "1 Kg",
    "date": "2023-01-17"
  },
  {
    "id": 30534,
    "name": "Tarrito Verduras Pescado NESTLE",
    "description": "Tarrito Verduras Pescado 190 Gr",
    "category": "Alimentación infantil",
    "url": "https://tienda.consum.es/es/p/tarrito-verduras-pescado/7410124",
    "price": 1.39,
    "reference_price": 7.32,
    "iva": 10,
    "reference_unit": "1 Kg",
    "date": "2023-01-17"
  },
  {
    "id": 30535,
    "name": "Tarrito Jardinera Ternera NESTLE",
    "description": "Tarrito Jardinera Ternera 190 Gr",
    "category": "Alimentación infantil",
    "url": "https://tienda.consum.es/es/p/tarrito-jardinera-ternera/7410301",
    "price": 1.39,
    "reference_price": 7.32,
    "iva": 10,
    "reference_unit": "1 Kg",
    "date": "2023-01-17"
  },
  {
    "id": 30536,
    "name": "Café Colombia 10 Capsulas NESCAFE",
    "description": "Café Colombia 10 Capsulas 10 U",
    "category": "Café en cápsulas",
    "url": "https://tienda.consum.es/es/p/cafe-colombia-10-capsulas/7410314",
    "price": 3.69,
    "reference_price": 0.37,
    "iva": 10,
    "reference_unit": "1 U",
    "date": "2023-01-17"
  },
  {
    "id": 30537,
    "name": "Galleta Rellena de Crema NUTELLA",
    "description": "Galleta Rellena de Crema 3 x 28 Gr",
    "category": "Galletas de chocolate",
    "url": "https://tienda.consum.es/es/p/galleta-rellena-de-crema/7410371",
    "price": 1,
    "reference_price": 11.9,
    "iva": 10,
    "reference_unit": "1 Kg",
    "date": "2023-01-17"
  },
  {
    "id": 30538,
    "name": "Kinder Schokobons Bolsa KINDER",
    "description": "Kinder Schokobons Bolsa 46 Gr",
    "category": "Chocolatinas y bombones",
    "url": "https://tienda.consum.es/es/p/kinder-schokobons-bolsa/7410384",
    "price": 1.39,
    "reference_price": 3.02,
    "iva": 10,
    "reference_unit": "100 Gr",
    "date": "2023-01-17"
  },
  {
    "id": 30539,
    "name": "Lavavajillas Concentrado Ultra Poder FAIRY",
    "description": "Lavavajillas Concentrado Ultra Poder 0,45 L",
    "category": "Lavavajillas a mano",
    "url": "https://tienda.consum.es/es/p/lavavajillas-concentrado-ultra-poder/7410392",
    "price": 3.99,
    "reference_price": 8.87,
    "iva": 21,
    "reference_unit": "1 L",
    "date": "2023-01-17"
  },
  {
    "id": 30540,
    "name": "Boniato Al Vapor ",
    "description": "Boniato Al Vapor 300 Gr",
    "category": "Ensaladas y brotes",
    "url": "https://tienda.consum.es/es/p/boniato-al-vapor/7410421",
    "price": 1.79,
    "reference_price": 5.97,
    "iva": 10,
    "reference_unit": "1 Kg",
    "date": "2023-01-17"
  },
  {
    "id": 30542,
    "name": "Bote con Tapa 550 cc TASTY",
    "description": "Bote con Tapa 550 cc 1 U",
    "category": "Conservación alimentos",
    "url": "https://tienda.consum.es/es/p/bote-con-tapa-550-cc/7410483",
    "price": 2.49,
    "reference_price": 2.49,
    "iva": 21,
    "reference_unit": "1 U",
    "date": "2023-01-17"
  },
  {
    "id": 30543,
    "name": "Bote con Tapa 1000 cc TASTY",
    "description": "Bote con Tapa 1000 cc 1 U",
    "category": "Conservación alimentos",
    "url": "https://tienda.consum.es/es/p/bote-con-tapa-1000-cc/7410488",
    "price": 2.99,
    "reference_price": 2.99,
    "iva": 21,
    "reference_unit": "1 U",
    "date": "2023-01-17"
  },
  {
    "id": 30544,
    "name": "Galactic Brownies 8 Unidades MR.BROWNIE",
    "description": "Galactic Brownies 8 Unidades 200 Gr",
    "category": "Desayuno, dulces y café",
    "url": "https://tienda.consum.es/es/p/galactic-brownies-8-unidades/7410491",
    "price": 2.25,
    "reference_price": 11.25,
    "iva": 10,
    "reference_unit": "1 Kg",
    "date": "2023-01-17"
  },
  {
    "id": 30545,
    "name": "Rallado Krissia de Surimi AGUINAGA",
    "description": "Rallado Krissia de Surimi 125 Gr",
    "category": "Surimis y salazones",
    "url": "https://tienda.consum.es/es/p/rallado-krissia-de-surimi/7410608",
    "price": 1.99,
    "reference_price": 15.92,
    "iva": 10,
    "reference_unit": "1 Kg",
    "date": "2023-01-17"
  },
  {
    "id": 30546,
    "name": "Saltear y listo ",
    "description": "Saltear y listo 200 Gr",
    "category": "Champiñones y setas",
    "url": "https://tienda.consum.es/es/p/saltear-y-listo/7410756",
    "price": 2.88,
    "reference_price": 14.4,
    "iva": 0,
    "reference_unit": "1 Kg",
    "date": "2023-01-17"
  },
  {
    "id": 30549,
    "name": "Loción Infantil Hidratante Corporal CONSUM KIDS",
    "description": "Loción Infantil Hidratante Corporal 500 ml",
    "category": "Cremas, lociones y colonia",
    "url": "https://tienda.consum.es/es/p/locion-infantil-hidratante-corporal/7375707",
    "price": 2.99,
    "reference_price": 0.6,
    "iva": 21,
    "reference_unit": "100 ml",
    "date": "2023-01-17"
  },
  {
    "id": 30551,
    "name": "Limpiahogar Multiusos Pino Alcohol CONSUM",
    "description": "Limpiahogar Multiusos Pino Alcohol 1,5 L",
    "category": "Limpieza hogar",
    "url": "https://tienda.consum.es/es/p/limpiahogar-multiusos-pino-alcohol/7392731",
    "price": 1.8,
    "reference_price": 1.2,
    "iva": 21,
    "reference_unit": "1 L",
    "date": "2023-01-17"
  },
  {
    "id": 30557,
    "name": "Albóndigas de Pollo Lata LA NOREÑENSE",
    "description": "Albóndigas de Pollo Lata 415 Gr",
    "category": "Conservas",
    "url": "https://tienda.consum.es/es/p/albondigas-de-pollo-lata/7409279",
    "price": 1.7,
    "reference_price": 4.1,
    "iva": 10,
    "reference_unit": "1 Kg",
    "date": "2023-01-17"
  },
  {
    "id": 30558,
    "name": "Molde Aluminio Rectangular, 2,2 L FLISS",
    "description": "Molde Aluminio Rectangular, 2,2 L 2 U",
    "category": "Moldes y recipientes",
    "url": "https://tienda.consum.es/es/p/molde-aluminio-rectangular-22-l/7409386",
    "price": 2.29,
    "reference_price": 1.15,
    "iva": 21,
    "reference_unit": "1 U",
    "date": "2023-01-17"
  },
  {
    "id": 30559,
    "name": "Molde Aluminio Rectangular, 2,7 L FLISS",
    "description": "Molde Aluminio Rectangular, 2,7 L 2 U",
    "category": "Moldes y recipientes",
    "url": "https://tienda.consum.es/es/p/molde-aluminio-rectangular-27-l/7409394",
    "price": 2.35,
    "reference_price": 1.18,
    "iva": 21,
    "reference_unit": "1 U",
    "date": "2023-01-17"
  },
  {
    "id": 30560,
    "name": "Limpiador Multiusos Pistola DON LIMPIO",
    "description": "Limpiador Multiusos Pistola 0,72 L",
    "category": "Limpieza hogar",
    "url": "https://tienda.consum.es/es/p/limpiador-multiusos-pistola/7409642",
    "price": 3.99,
    "reference_price": 5.54,
    "iva": 21,
    "reference_unit": "1 L",
    "date": "2023-01-17"
  },
  {
    "id": 30561,
    "name": "Jamón Serrano Peso Aproximado 6,5K LORIENTE",
    "description": "Jamón Serrano Peso Aproximado 6,5K 6,5 Kg",
    "category": "Jamón",
    "url": "https://tienda.consum.es/es/p/jamon-serrano-peso-aproximado-65k/7409683",
    "price": 42,
    "reference_price": 6.46,
    "iva": 10,
    "reference_unit": "1 Kg",
    "date": "2023-01-17"
  },
  {
    "id": 30562,
    "name": "Lavavajillas Concentrado Ultra Poder FAIRY",
    "description": "Lavavajillas Concentrado Ultra Poder 0,78 L",
    "category": "Lavavajillas a mano",
    "url": "https://tienda.consum.es/es/p/lavavajillas-concentrado-ultra-poder/7410012",
    "price": 5.99,
    "reference_price": 7.68,
    "iva": 21,
    "reference_unit": "1 L",
    "date": "2023-01-17"
  },
  {
    "id": 30563,
    "name": "Burger de Pavo ALDELIS",
    "description": "Burger de Pavo 240 Gr",
    "category": "Picadas y hamburguesas",
    "url": "https://tienda.consum.es/es/p/burger-de-pavo/7410319",
    "price": 2.7,
    "reference_price": 11.25,
    "iva": 10,
    "reference_unit": "1 Kg",
    "date": "2023-01-17"
  },
  {
    "id": 30564,
    "name": "Lavavajillas Concentrado Aloe Vera FAIRY",
    "description": "Lavavajillas Concentrado Aloe Vera 0,65 L",
    "category": "Lavavajillas a mano",
    "url": "https://tienda.consum.es/es/p/lavavajillas-concentrado-aloe-vera/7410376",
    "price": 3.06,
    "reference_price": 4.71,
    "iva": 21,
    "reference_unit": "1 L",
    "date": "2023-01-17"
  },
  {
    "id": 30571,
    "name": "Bizcochitos de Brownie Dinosaurus 4 Unidades ARTIACH",
    "description": "Bizcochitos de Brownie Dinosaurus 4 Unidades 122 Gr",
    "category": "Galletas",
    "url": "https://tienda.consum.es/es/p/bizcochitos-de-brownie-dinosaurus-4-unidades/7410566",
    "price": 2.99,
    "reference_price": 24.51,
    "iva": 10,
    "reference_unit": "1 Kg",
    "date": "2023-01-17"
  },
  {
    "id": 30572,
    "name": "Gel Baño Coco NAT.HONEY",
    "description": "Gel Baño Coco 600 ml",
    "category": "Gel de baño",
    "url": "https://tienda.consum.es/es/p/gel-bano-coco/7410616",
    "price": 2.49,
    "reference_price": 0.42,
    "iva": 21,
    "reference_unit": "100 ml",
    "date": "2023-01-17"
  },
  {
    "id": 30573,
    "name": "Arroz Thai Tilda Paquete SUNDARI",
    "description": "Arroz Thai Tilda Paquete 1 Kg",
    "category": "Arroz",
    "url": "https://tienda.consum.es/es/p/arroz-thai-tilda-paquete/7410624",
    "price": 3.34,
    "reference_price": 3.34,
    "iva": 0,
    "reference_unit": "1 Kg",
    "date": "2023-01-17"
  },
  {
    "id": 30574,
    "name": "Gel Baño Pure Micelar NAT.HONEY",
    "description": "Gel Baño Pure Micelar 650 ml",
    "category": "Gel de baño",
    "url": "https://tienda.consum.es/es/p/gel-bano-pure-micelar/7410629",
    "price": 2.49,
    "reference_price": 0.38,
    "iva": 21,
    "reference_unit": "100 ml",
    "date": "2023-01-17"
  },
  {
    "id": 30575,
    "name": "Gel Baño Aceite de Argán NAT.HONEY",
    "description": "Gel Baño Aceite de Argán 600 ml",
    "category": "Gel de baño",
    "url": "https://tienda.consum.es/es/p/gel-bano-aceite-de-argan/7410640",
    "price": 2.49,
    "reference_price": 0.42,
    "iva": 21,
    "reference_unit": "100 ml",
    "date": "2023-01-17"
  },
  {
    "id": 30576,
    "name": "Pennotti Rigati GALLO",
    "description": "Pennotti Rigati 450 Gr",
    "category": "Macarrones, espaguetis y tallarines",
    "url": "https://tienda.consum.es/es/p/pennotti-rigati/7410652",
    "price": 1.67,
    "reference_price": 3.71,
    "iva": 5,
    "reference_unit": "1 Kg",
    "date": "2023-01-17"
  },
  {
    "id": 30577,
    "name": "Patatas Fritas Onduladas Sabor Jamón RUFFLES",
    "description": "Patatas Fritas Onduladas Sabor Jamón 190 Gr",
    "category": "Patatas fritas",
    "url": "https://tienda.consum.es/es/p/patatas-fritas-onduladas-sabor-jamon/7410702",
    "price": 1.99,
    "reference_price": 10.47,
    "iva": 10,
    "reference_unit": "1 Kg",
    "date": "2023-01-17"
  },
  {
    "id": 30578,
    "name": "Patatas Fritas Onduladas Jamón Pack Ahorro RUFFLES",
    "description": "Patatas Fritas Onduladas Jamón Pack Ahorro 275 Gr",
    "category": "Patatas fritas",
    "url": "https://tienda.consum.es/es/p/patatas-fritas-onduladas-jamon-pack-ahorro/7410715",
    "price": 2.85,
    "reference_price": 10.36,
    "iva": 10,
    "reference_unit": "1 Kg",
    "date": "2023-01-17"
  },
  {
    "id": 30579,
    "name": "Patatas Fritas Lisas al Punto de Sal LAY'S",
    "description": "Patatas Fritas Lisas al Punto de Sal 195 Gr",
    "category": "Patatas fritas",
    "url": "https://tienda.consum.es/es/p/patatas-fritas-lisas-al-punto-de-sal/7410728",
    "price": 1.85,
    "reference_price": 9.49,
    "iva": 10,
    "reference_unit": "1 Kg",
    "date": "2023-01-17"
  },
  {
    "id": 30580,
    "name": "Patatas Fritas Lisas Punto de Sal Pack Ahorro LAY'S",
    "description": "Patatas Fritas Lisas Punto de Sal Pack Ahorro 265 Gr",
    "category": "Patatas fritas",
    "url": "https://tienda.consum.es/es/p/patatas-fritas-lisas-punto-de-sal-pack-ahorro/7410731",
    "price": 2.29,
    "reference_price": 8.64,
    "iva": 10,
    "reference_unit": "1 Kg",
    "date": "2023-01-17"
  },
  {
    "id": 30581,
    "name": "Perlas Classic Rubí y Jazmín LENOR",
    "description": "Perlas Classic Rubí y Jazmín 210 Gr",
    "category": "Droguería y limpieza",
    "url": "https://tienda.consum.es/es/p/perlas-classic-rubi-y-jazmin/7410835",
    "price": 4.99,
    "reference_price": 23.76,
    "iva": 21,
    "reference_unit": "1 Kg",
    "date": "2023-01-17"
  },
  {
    "id": 30582,
    "name": "Detergente Gel Azul WIPP",
    "description": "Detergente Gel Azul 60 Lv",
    "category": "A máquina líquido",
    "url": "https://tienda.consum.es/es/p/detergente-gel-azul/7410848",
    "price": 15.65,
    "reference_price": 0.26,
    "iva": 21,
    "reference_unit": "1 Lv",
    "date": "2023-01-17"
  },
  {
    "id": 30583,
    "name": "Colonia Coco One Note FLOR DE MAYO",
    "description": "Colonia Coco One Note 100 ml",
    "category": "Femeninas",
    "url": "https://tienda.consum.es/es/p/colonia-coco-one-note/7410892",
    "price": 3.25,
    "reference_price": 3.25,
    "iva": 21,
    "reference_unit": "100 ml",
    "date": "2023-01-17"
  },
  {
    "id": 30584,
    "name": "Colonia Rosas One Note FLOR DE MAYO",
    "description": "Colonia Rosas One Note 100 ml",
    "category": "Femeninas",
    "url": "https://tienda.consum.es/es/p/colonia-rosas-one-note/7410905",
    "price": 3.25,
    "reference_price": 3.25,
    "iva": 21,
    "reference_unit": "100 ml",
    "date": "2023-01-17"
  },
  {
    "id": 30585,
    "name": "Colonia Berries One Note FLOR DE MAYO",
    "description": "Colonia Berries One Note 100 ml",
    "category": "Femeninas",
    "url": "https://tienda.consum.es/es/p/colonia-berries-one-note/7410918",
    "price": 3.25,
    "reference_price": 3.25,
    "iva": 21,
    "reference_unit": "100 ml",
    "date": "2023-01-17"
  },
  {
    "id": 30586,
    "name": "Colonia Green Tea One Note FLOR DE MAYO",
    "description": "Colonia Green Tea One Note 100 ml",
    "category": "Femeninas",
    "url": "https://tienda.consum.es/es/p/colonia-green-tea-one-note/7410926",
    "price": 3.25,
    "reference_price": 3.25,
    "iva": 21,
    "reference_unit": "100 ml",
    "date": "2023-01-17"
  },
  {
    "id": 30587,
    "name": "Colonia Vainilla One Note FLOR DE MAYO",
    "description": "Colonia Vainilla One Note 100 ml",
    "category": "Femeninas",
    "url": "https://tienda.consum.es/es/p/colonia-vainilla-one-note/7410939",
    "price": 3.25,
    "reference_price": 3.25,
    "iva": 21,
    "reference_unit": "100 ml",
    "date": "2023-01-17"
  },
  {
    "id": 30588,
    "name": "Vino Blanco Barrica D.O. Rueda CUATRO RAYAS",
    "description": "Vino Blanco Barrica D.O. Rueda 0,75 L",
    "category": "Vinos d.o",
    "url": "https://tienda.consum.es/es/p/vino-blanco-barrica-do-rueda/7410959",
    "price": 6.99,
    "reference_price": 9.32,
    "iva": 21,
    "reference_unit": "1 L",
    "date": "2023-01-17"
  },
  {
    "id": 30613,
    "name": "Salsa Ligera Tarro CONSUM",
    "description": "Salsa Ligera Tarro 225 ml",
    "category": "Mayonesa",
    "url": "https://tienda.consum.es/es/p/salsa-ligera-tarro/7399306",
    "price": 1,
    "reference_price": 4.44,
    "iva": 10,
    "reference_unit": "1 L",
    "date": "2023-01-17"
  },
  {
    "id": 30615,
    "name": "Lavavajillas Concentrado Cítrico CONSUM",
    "description": "Lavavajillas Concentrado Cítrico 1 L",
    "category": "Lavavajillas a mano",
    "url": "https://tienda.consum.es/es/p/lavavajillas-concentrado-citrico/7406606",
    "price": 1.55,
    "reference_price": 1.55,
    "iva": 21,
    "reference_unit": "1 L",
    "date": "2023-01-17"
  },
  {
    "id": 30617,
    "name": "Snack de Patata Pom-Bear GREFUSA",
    "description": "Snack de Patata Pom-Bear 80 Gr",
    "category": "Snacks y otros aperitivos",
    "url": "https://tienda.consum.es/es/p/snack-de-patata-pom-bear/7409290",
    "price": 1.69,
    "reference_price": 21.13,
    "iva": 10,
    "reference_unit": "1 Kg",
    "date": "2023-01-17"
  },
  {
    "id": 30620,
    "name": "Detergente 3 en 1 Cápsulas ARIEL",
    "description": "Detergente 3 en 1 Cápsulas 34 Lv",
    "category": "Máquina pastilla",
    "url": "https://tienda.consum.es/es/p/detergente-3-en-1-capsulas/7409696",
    "price": 12,
    "reference_price": 0.35,
    "iva": 21,
    "reference_unit": "1 Lv",
    "date": "2023-01-17"
  },
  {
    "id": 30623,
    "name": "Lavavajillas Concentrado Original FAIRY",
    "description": "Lavavajillas Concentrado Original 1,15 L",
    "category": "Lavavajillas a mano",
    "url": "https://tienda.consum.es/es/p/lavavajillas-concentrado-original/7410389",
    "price": 4.99,
    "reference_price": 4.34,
    "iva": 21,
    "reference_unit": "1 L",
    "date": "2023-01-17"
  },
  {
    "id": 30624,
    "name": "Filete Lubina Congelado ",
    "description": "Filete Lubina Congelado",
    "category": "Pescados y mariscos",
    "url": "https://tienda.consum.es/es/p/filete-lubina-congelado/7410459",
    "price": 4.95,
    "reference_price": 27.5,
    "iva": 10,
    "reference_unit": "1 Kg",
    "date": "2023-01-17"
  },
  {
    "id": 30625,
    "name": "Tartar Salmón y Aguacate ",
    "description": "Tartar Salmón y Aguacate 100 Gr",
    "category": "Pescados y mariscos",
    "url": "https://tienda.consum.es/es/p/tartar-salmon-y-aguacate/7410772",
    "price": 5.49,
    "reference_price": 54.9,
    "iva": 10,
    "reference_unit": "1 Kg",
    "date": "2023-01-17"
  },
  {
    "id": 30626,
    "name": "Filete Pescado al Limon FINDUS",
    "description": "Filete Pescado al Limon 225 Gr",
    "category": "Pescado y marisco",
    "url": "https://tienda.consum.es/es/p/filete-pescado-al-limon/7410871",
    "price": 3.99,
    "reference_price": 17.73,
    "iva": 10,
    "reference_unit": "1 Kg",
    "date": "2023-01-17"
  },
  {
    "id": 30627,
    "name": "Lenguado ",
    "description": "Lenguado 800 Gr",
    "category": "Pescados y mariscos",
    "url": "https://tienda.consum.es/es/p/lenguado/7411002",
    "price": 8.59,
    "reference_price": 10.74,
    "iva": 10,
    "reference_unit": "1 Kg",
    "date": "2023-01-17"
  },
  {
    "id": 30628,
    "name": "Queso de Vaca Griego SÈNA",
    "description": "Queso de Vaca Griego 150 Gr",
    "category": "Frescos y para ensaladas",
    "url": "https://tienda.consum.es/es/p/queso-de-vaca-griego/7411051",
    "price": 2.07,
    "reference_price": 13.8,
    "iva": 0,
    "reference_unit": "1 Kg",
    "date": "2023-01-17"
  },
  {
    "id": 30629,
    "name": "Leche Corporal Emoliente Ecológica FEEL FREE",
    "description": "Leche Corporal Emoliente Ecológica 400 ml",
    "category": "Body-lociones",
    "url": "https://tienda.consum.es/es/p/leche-corporal-emoliente-ecologica/7411077",
    "price": 3.99,
    "reference_price": 1,
    "iva": 21,
    "reference_unit": "100 ml",
    "date": "2023-01-17"
  },
  {
    "id": 30630,
    "name": "Galleta Tostarica Oceanix para Llevar CUETARA",
    "description": "Galleta Tostarica Oceanix para Llevar 235 Gr",
    "category": "Desayuno y merienda infantil",
    "url": "https://tienda.consum.es/es/p/galleta-tostarica-oceanix-para-llevar/7411171",
    "price": 2.99,
    "reference_price": 12.72,
    "iva": 10,
    "reference_unit": "1 Kg",
    "date": "2023-01-17"
  },
  {
    "id": 30631,
    "name": "Estropajo Fibra Verde Classic S.BRITE",
    "description": "Estropajo Fibra Verde Classic 4 U",
    "category": "Estropajos",
    "url": "https://tienda.consum.es/es/p/estropajo-fibra-verde-classic/7411291",
    "price": 1.89,
    "reference_price": 0.47,
    "iva": 21,
    "reference_unit": "1 U",
    "date": "2023-01-17"
  },
  {
    "id": 30632,
    "name": "Pistola Lejía Mousse Blanqueador Desengras. ACE",
    "description": "Pistola Lejía Mousse Blanqueador Desengras. 0,7 L",
    "category": "Lejía normal y multiusos",
    "url": "https://tienda.consum.es/es/p/pistola-lejia-mousse-blanqueador-desengras/7411309",
    "price": 3.25,
    "reference_price": 4.64,
    "iva": 21,
    "reference_unit": "1 L",
    "date": "2023-01-17"
  },
  {
    "id": 30633,
    "name": "Fiambrera de Acero Micro-Horno 0,6 L SANTA CLARA",
    "description": "Fiambrera de Acero Micro-Horno 0,6 L 1 U",
    "category": "Conservación alimentos",
    "url": "https://tienda.consum.es/es/p/fiambrera-de-acero-micro-horno-06-l/7411502",
    "price": 9.99,
    "reference_price": 9.99,
    "iva": 21,
    "reference_unit": "1 U",
    "date": "2023-01-17"
  },
  {
    "id": 30634,
    "name": "Fiambrera de Acero Micro-Horno 1 L SANTA CLARA",
    "description": "Fiambrera de Acero Micro-Horno 1 L 1 U",
    "category": "Conservación alimentos",
    "url": "https://tienda.consum.es/es/p/fiambrera-de-acero-micro-horno-1-l/7411507",
    "price": 13.9,
    "reference_price": 13.9,
    "iva": 21,
    "reference_unit": "1 U",
    "date": "2023-01-17"
  },
  {
    "id": 30639,
    "name": "Compresas Ultra Normal KYREY",
    "description": "Compresas Ultra Normal 16 U",
    "category": "Compresas y protegeslips",
    "url": "https://tienda.consum.es/es/p/compresas-ultra-normal/7388015",
    "price": 1.28,
    "reference_price": 0.08,
    "iva": 4,
    "reference_unit": "1 U",
    "date": "2023-01-17"
  },
  {
    "id": 30641,
    "name": "Lavavajillas Concentrado Ultra Aloe CONSUM",
    "description": "Lavavajillas Concentrado Ultra Aloe 1 L",
    "category": "Lavavajillas a mano",
    "url": "https://tienda.consum.es/es/p/lavavajillas-concentrado-ultra-aloe/7406614",
    "price": 1.9,
    "reference_price": 1.9,
    "iva": 21,
    "reference_unit": "1 L",
    "date": "2023-01-17"
  },
  {
    "id": 30664,
    "name": "Fuet Espetec Extra CONSUM",
    "description": "Fuet Espetec Extra 170 Gr",
    "category": "Curado",
    "url": "https://tienda.consum.es/es/p/fuet-espetec-extra/7409357",
    "price": 1.79,
    "reference_price": 10.53,
    "iva": 10,
    "reference_unit": "1 Kg",
    "date": "2023-01-17"
  },
  {
    "id": 30665,
    "name": "Molde Aluminio Flanera FLISS",
    "description": "Molde Aluminio Flanera 12 U",
    "category": "Moldes y recipientes",
    "url": "https://tienda.consum.es/es/p/molde-aluminio-flanera/7409365",
    "price": 1.85,
    "reference_price": 0.15,
    "iva": 21,
    "reference_unit": "1 U",
    "date": "2023-01-17"
  },
  {
    "id": 30666,
    "name": "Molde Aluminio Rectangular, 0,5 L FLISS",
    "description": "Molde Aluminio Rectangular, 0,5 L 5 U",
    "category": "Moldes y recipientes",
    "url": "https://tienda.consum.es/es/p/molde-aluminio-rectangular-05-l/7409373",
    "price": 1.75,
    "reference_price": 0.35,
    "iva": 21,
    "reference_unit": "1 U",
    "date": "2023-01-17"
  },
  {
    "id": 30667,
    "name": "Molde Aluminio Rectangular, 1 L FLISS",
    "description": "Molde Aluminio Rectangular, 1 L 3 U",
    "category": "Moldes y recipientes",
    "url": "https://tienda.consum.es/es/p/molde-aluminio-rectangular-1-l/7409378",
    "price": 3.25,
    "reference_price": 1.08,
    "iva": 21,
    "reference_unit": "1 U",
    "date": "2023-01-17"
  },
  {
    "id": 30668,
    "name": "Molde Aluminio Redondo, 1 L FLISS",
    "description": "Molde Aluminio Redondo, 1 L 3 U",
    "category": "Moldes y recipientes",
    "url": "https://tienda.consum.es/es/p/molde-aluminio-redondo-1-l/7409381",
    "price": 1.99,
    "reference_price": 0.66,
    "iva": 21,
    "reference_unit": "1 U",
    "date": "2023-01-17"
  },
  {
    "id": 30672,
    "name": "Cerveza Tostada 0,0 Lata SAN MIGUEL",
    "description": "Cerveza Tostada 0,0 Lata 0,33 L",
    "category": "0, 0 y 0, 9",
    "url": "https://tienda.consum.es/es/p/cerveza-tostada-00-lata/7409600",
    "price": 0.7,
    "reference_price": 2.12,
    "iva": 21,
    "reference_unit": "1 L",
    "date": "2023-01-17"
  },
  {
    "id": 30677,
    "name": "Detergente Líquido Sensaciones ARIEL",
    "description": "Detergente Líquido Sensaciones 24 Lv",
    "category": "A máquina líquido",
    "url": "https://tienda.consum.es/es/p/detergente-liquido-sensaciones/7409670",
    "price": 11.19,
    "reference_price": 0.47,
    "iva": 21,
    "reference_unit": "1 Lv",
    "date": "2023-01-17"
  },
  {
    "id": 30678,
    "name": "Detergente Líquido Regular ARIEL",
    "description": "Detergente Líquido Regular 36 Lv",
    "category": "A máquina líquido",
    "url": "https://tienda.consum.es/es/p/detergente-liquido-regular/7409675",
    "price": 12.59,
    "reference_price": 0.35,
    "iva": 21,
    "reference_unit": "1 Lv",
    "date": "2023-01-17"
  },
  {
    "id": 30682,
    "name": "Nuggets de Pollo CONSUM",
    "description": "Nuggets de Pollo 255 Gr",
    "category": "Aves y conejo",
    "url": "https://tienda.consum.es/es/p/nuggets-de-pollo/7409902",
    "price": 2.49,
    "reference_price": 9.76,
    "iva": 10,
    "reference_unit": "1 Kg",
    "date": "2023-01-17"
  },
  {
    "id": 30685,
    "name": "Colonia Mini Blue Masculina FLOR DE MAYO",
    "description": "Colonia Mini Blue Masculina 23 ml",
    "category": "Femeninas",
    "url": "https://tienda.consum.es/es/p/colonia-mini-blue-masculina/7410876",
    "price": 1.6,
    "reference_price": 6.96,
    "iva": 21,
    "reference_unit": "100 ml",
    "date": "2023-01-17"
  },
  {
    "id": 30687,
    "name": "Sal De Baño Lavanda FLOR DE MAYO",
    "description": "Sal De Baño Lavanda 650 Gr",
    "category": "Jabón en pastillas",
    "url": "https://tienda.consum.es/es/p/sal-de-bano-lavanda/7410889",
    "price": 3.99,
    "reference_price": 6.14,
    "iva": 21,
    "reference_unit": "1 Kg",
    "date": "2023-01-17"
  },
  {
    "id": 30688,
    "name": "Dentífrico Fluor-Calcio Anticaries COLGATE",
    "description": "Dentífrico Fluor-Calcio Anticaries 100 ml",
    "category": "Dentífricos",
    "url": "https://tienda.consum.es/es/p/dentifrico-fluor-calcio-anticaries/7410970",
    "price": 1.85,
    "reference_price": 1.85,
    "iva": 21,
    "reference_unit": "100 ml",
    "date": "2023-01-17"
  },
  {
    "id": 30689,
    "name": "Lonchas con Verduras VERDAY",
    "description": "Lonchas con Verduras 90 Gr",
    "category": "Otros cocidos",
    "url": "https://tienda.consum.es/es/p/lonchas-con-verduras/7410991",
    "price": 1.59,
    "reference_price": 17.67,
    "iva": 10,
    "reference_unit": "1 Kg",
    "date": "2023-01-17"
  },
  {
    "id": 30690,
    "name": "Galleta María 0% Azúcares Añadidos FAM.BISCUITS",
    "description": "Galleta María 0% Azúcares Añadidos 600 Gr",
    "category": "Desayuno y maría",
    "url": "https://tienda.consum.es/es/p/galleta-maria-0-azucares-anadidos/7411122",
    "price": 2.39,
    "reference_price": 3.98,
    "iva": 10,
    "reference_unit": "1 Kg",
    "date": "2023-01-17"
  },
  {
    "id": 30692,
    "name": "Galleta Maria del Sur Integral con Espelta FAM.BISCUITS",
    "description": "Galleta Maria del Sur Integral con Espelta 380 Gr",
    "category": "Galletas saludables",
    "url": "https://tienda.consum.es/es/p/galleta-maria-del-sur-integral-con-espelta/7411130",
    "price": 1.89,
    "reference_price": 4.97,
    "iva": 10,
    "reference_unit": "1 Kg",
    "date": "2023-01-17"
  },
  {
    "id": 30693,
    "name": "Galleta María del Sur con Canela FAM.BISCUITS",
    "description": "Galleta María del Sur con Canela 380 Gr",
    "category": "Galletas saludables",
    "url": "https://tienda.consum.es/es/p/galleta-maria-del-sur-con-canela/7411135",
    "price": 1.89,
    "reference_price": 4.97,
    "iva": 10,
    "reference_unit": "1 Kg",
    "date": "2023-01-17"
  },
  {
    "id": 30694,
    "name": "Galleta Tostada Petit Choco FAM.BISCUITS",
    "description": "Galleta Tostada Petit Choco 400 Gr",
    "category": "Desayuno y maría",
    "url": "https://tienda.consum.es/es/p/galleta-tostada-petit-choco/7411143",
    "price": 1.25,
    "reference_price": 3.13,
    "iva": 10,
    "reference_unit": "1 Kg",
    "date": "2023-01-17"
  },
  {
    "id": 30695,
    "name": "Batido OptiPro Chocolate RIO",
    "description": "Batido OptiPro Chocolate 330 ml",
    "category": "Para deportistas",
    "url": "https://tienda.consum.es/es/p/batido-optipro-chocolate/7411148",
    "price": 1.59,
    "reference_price": 4.82,
    "iva": 10,
    "reference_unit": "1 L",
    "date": "2023-01-17"
  },
  {
    "id": 30696,
    "name": "Batido Optipro Vainilla RIO",
    "description": "Batido Optipro Vainilla 330 ml",
    "category": "Para deportistas",
    "url": "https://tienda.consum.es/es/p/batido-optipro-vainilla/7411150",
    "price": 1.59,
    "reference_price": 4.82,
    "iva": 10,
    "reference_unit": "1 L",
    "date": "2023-01-17"
  },
  {
    "id": 30697,
    "name": "Gel Baño Frescor Colonia NAT.HONEY",
    "description": "Gel Baño Frescor Colonia 600 ml",
    "category": "Gel de baño",
    "url": "https://tienda.consum.es/es/p/gel-bano-frescor-colonia/7411155",
    "price": 2.49,
    "reference_price": 0.42,
    "iva": 21,
    "reference_unit": "100 ml",
    "date": "2023-01-17"
  },
  {
    "id": 30698,
    "name": "Gel Baño Hidratante NAT.HONEY",
    "description": "Gel Baño Hidratante 900 ml",
    "category": "Gel de baño",
    "url": "https://tienda.consum.es/es/p/gel-bano-hidratante/7411163",
    "price": 2.75,
    "reference_price": 0.31,
    "iva": 21,
    "reference_unit": "100 ml",
    "date": "2023-01-17"
  },
  {
    "id": 30699,
    "name": "Galleta Tostarica Cubierta de Chocolate CUETARA",
    "description": "Galleta Tostarica Cubierta de Chocolate 210 Gr",
    "category": "Galletas de chocolate",
    "url": "https://tienda.consum.es/es/p/galleta-tostarica-cubierta-de-chocolate/7411168",
    "price": 2.7,
    "reference_price": 12.86,
    "iva": 10,
    "reference_unit": "1 Kg",
    "date": "2023-01-17"
  },
  {
    "id": 30700,
    "name": "Batido Optipro Café con Leche RIO",
    "description": "Batido Optipro Café con Leche 330 ml",
    "category": "Para deportistas",
    "url": "https://tienda.consum.es/es/p/batido-optipro-cafe-con-leche/7411184",
    "price": 1.59,
    "reference_price": 4.82,
    "iva": 10,
    "reference_unit": "1 L",
    "date": "2023-01-17"
  },
  {
    "id": 30701,
    "name": "Crema de Turrón REINA",
    "description": "Crema de Turrón 4 x 125 Gr",
    "category": "Otros postres",
    "url": "https://tienda.consum.es/es/p/crema-de-turron/7411218",
    "price": 2,
    "reference_price": 4,
    "iva": 10,
    "reference_unit": "1 Kg",
    "date": "2023-01-17"
  },
  {
    "id": 30702,
    "name": "Pasta Oriental de Pollo Sobre MAGGI",
    "description": "Pasta Oriental de Pollo Sobre 71 Gr",
    "category": "Preparados en sobre",
    "url": "https://tienda.consum.es/es/p/pasta-oriental-de-pollo-sobre/7411234",
    "price": 0.85,
    "reference_price": 11.97,
    "iva": 10,
    "reference_unit": "1 Kg",
    "date": "2023-01-17"
  },
  {
    "id": 30703,
    "name": "Salmón Ahumado Noruego LA BALINESA",
    "description": "Salmón Ahumado Noruego 2 x 80 Gr",
    "category": "Ahumados",
    "url": "https://tienda.consum.es/es/p/salmon-ahumado-noruego/7411239",
    "price": 7.75,
    "reference_price": 48.44,
    "iva": 10,
    "reference_unit": "1 Kg",
    "date": "2023-01-17"
  },
  {
    "id": 30704,
    "name": "Ensalada de Pimiento Frasco ALSUR",
    "description": "Ensalada de Pimiento Frasco 355 Gr",
    "category": "Despensa",
    "url": "https://tienda.consum.es/es/p/ensalada-de-pimiento-frasco/7411254",
    "price": 2.25,
    "reference_price": 6.34,
    "iva": 10,
    "reference_unit": "1 Kg",
    "date": "2023-01-17"
  },
  {
    "id": 30705,
    "name": "Patatas Horno Sabor Campesina LAY'S",
    "description": "Patatas Horno Sabor Campesina 130 Gr",
    "category": "Patatas fritas",
    "url": "https://tienda.consum.es/es/p/patatas-horno-sabor-campesina/7411270",
    "price": 2.39,
    "reference_price": 18.38,
    "iva": 10,
    "reference_unit": "1 Kg",
    "date": "2023-01-17"
  },
  {
    "id": 30706,
    "name": "Cheetos Sticks Palitos Bolsa CHEETOS",
    "description": "Cheetos Sticks Palitos Bolsa 96 Gr",
    "category": "Snacks y otros aperitivos",
    "url": "https://tienda.consum.es/es/p/cheetos-sticks-palitos-bolsa/7411275",
    "price": 1.79,
    "reference_price": 18.65,
    "iva": 10,
    "reference_unit": "1 Kg",
    "date": "2023-01-17"
  },
  {
    "id": 30707,
    "name": "Pechuga de Pollo Empanada FRIPOZO",
    "description": "Pechuga de Pollo Empanada 320 Gr",
    "category": "Carne, verduras y otros",
    "url": "https://tienda.consum.es/es/p/pechuga-de-pollo-empanada/7411288",
    "price": 2.99,
    "reference_price": 9.34,
    "iva": 10,
    "reference_unit": "1 Kg",
    "date": "2023-01-17"
  },
  {
    "id": 30708,
    "name": "Comida Natural Perro Tarrina Pollo CESAR",
    "description": "Comida Natural Perro Tarrina Pollo 400 Gr",
    "category": "Húmedo",
    "url": "https://tienda.consum.es/es/p/comida-natural-perro-tarrina-pollo/7411312",
    "price": 2.59,
    "reference_price": 6.48,
    "iva": 10,
    "reference_unit": "1 Kg",
    "date": "2023-01-17"
  },
  {
    "id": 30709,
    "name": "Vino Tinto Monastrell Vino de la Tierra GUARDIANES",
    "description": "Vino Tinto Monastrell Vino de la Tierra 0,75 L",
    "category": "Vinos d.o",
    "url": "https://tienda.consum.es/es/p/vino-tinto-monastrell-vino-de-la-tierra/7411333",
    "price": 4.99,
    "reference_price": 6.65,
    "iva": 21,
    "reference_unit": "1 L",
    "date": "2023-01-17"
  },
  {
    "id": 30710,
    "name": "Crema Hidratante Suave Cara,Cuerpo y Manos NIVEA",
    "description": "Crema Hidratante Suave Cara,Cuerpo y Manos 375 ml",
    "category": "Body-lociones",
    "url": "https://tienda.consum.es/es/p/crema-hidratante-suave-caracuerpo-y-manos/7411346",
    "price": 4.99,
    "reference_price": 1.33,
    "iva": 21,
    "reference_unit": "100 ml",
    "date": "2023-01-17"
  },
  {
    "id": 30711,
    "name": "Crema Cellular SPF30 Ac.Hialurónico+Fólico NIVEA",
    "description": "Crema Cellular SPF30 Ac.Hialurónico+Fólico 50 ml",
    "category": "Hidratación",
    "url": "https://tienda.consum.es/es/p/crema-cellular-spf30-achialuronicofolico/7411361",
    "price": 15.99,
    "reference_price": 31.98,
    "iva": 21,
    "reference_unit": "100 ml",
    "date": "2023-01-17"
  },
  {
    "id": 30714,
    "name": "Crema Cellular Noche Ac.Hialurónico+Fólico NIVEA",
    "description": "Crema Cellular Noche Ac.Hialurónico+Fólico 50 ml",
    "category": "Hidratación",
    "url": "https://tienda.consum.es/es/p/crema-cellular-noche-achialuronicofolico/7411379",
    "price": 14.99,
    "reference_price": 29.98,
    "iva": 21,
    "reference_unit": "100 ml",
    "date": "2023-01-17"
  },
  {
    "id": 30715,
    "name": "Esponja Rizo DAVIDEL",
    "description": "Esponja Rizo 2 x 1 U",
    "category": "Esponjas",
    "url": "https://tienda.consum.es/es/p/esponja-rizo/7411408",
    "price": 1.15,
    "reference_price": 0.58,
    "iva": 21,
    "reference_unit": "1 U",
    "date": "2023-01-17"
  },
  {
    "id": 30716,
    "name": "Margarina Vegetal Tarrina TULIPAN",
    "description": "Margarina Vegetal Tarrina 225 Gr",
    "category": "Mantequilla y margarina",
    "url": "https://tienda.consum.es/es/p/margarina-vegetal-tarrina/7411416",
    "price": 1.99,
    "reference_price": 8.84,
    "iva": 10,
    "reference_unit": "1 Kg",
    "date": "2023-01-17"
  },
  {
    "id": 30717,
    "name": "Jamoncitos Argentinos con Chimichurri PUJANTE",
    "description": "Jamoncitos Argentinos con Chimichurri",
    "category": "Otros elaborados",
    "url": "https://tienda.consum.es/es/p/jamoncitos-argentinos-con-chimichurri/7411445",
    "price": 0.93,
    "reference_price": 5.79,
    "iva": 10,
    "reference_unit": "1 Kg",
    "date": "2023-01-17"
  },
  {
    "id": 30718,
    "name": "Alitas Brooklyn Barbacoa PUJANTE",
    "description": "Alitas Brooklyn Barbacoa",
    "category": "Aves y conejo",
    "url": "https://tienda.consum.es/es/p/alitas-brooklyn-barbacoa/7411481",
    "price": 3.31,
    "reference_price": 5.49,
    "iva": 10,
    "reference_unit": "1 Kg",
    "date": "2023-01-17"
  },
  {
    "id": 30719,
    "name": "Fiambrera de Acero Micro-Horno 1,8 L SANTA CLARA",
    "description": "Fiambrera de Acero Micro-Horno 1,8 L 1 U",
    "category": "Conservación alimentos",
    "url": "https://tienda.consum.es/es/p/fiambrera-de-acero-micro-horno-18-l/7411510",
    "price": 17.5,
    "reference_price": 17.5,
    "iva": 21,
    "reference_unit": "1 U",
    "date": "2023-01-17"
  },
  {
    "id": 30720,
    "name": "Detergente a Mano en Polvo LINA",
    "description": "Detergente a Mano en Polvo 650 Gr",
    "category": "A mano y jabón común",
    "url": "https://tienda.consum.es/es/p/detergente-a-mano-en-polvo/7411523",
    "price": 1.15,
    "reference_price": 1.77,
    "iva": 21,
    "reference_unit": "1 Kg",
    "date": "2023-01-17"
  },
  {
    "id": 30721,
    "name": "Detergente 3 en 1 Alpes Cápsulas ARIEL",
    "description": "Detergente 3 en 1 Alpes Cápsulas 20 Lv",
    "category": "Máquina pastilla",
    "url": "https://tienda.consum.es/es/p/detergente-3-en-1-alpes-capsulas/7411536",
    "price": 10.99,
    "reference_price": 0.55,
    "iva": 21,
    "reference_unit": "1 Lv",
    "date": "2023-01-17"
  },
  {
    "id": 30722,
    "name": "Ambientador Aire Limpio Recambio Eléctrico AMBIPUR",
    "description": "Ambientador Aire Limpio Recambio Eléctrico 1 U",
    "category": "Eléctricos y automáticos",
    "url": "https://tienda.consum.es/es/p/ambientador-aire-limpio-recambio-electrico/7411544",
    "price": 5.3,
    "reference_price": 5.3,
    "iva": 21,
    "reference_unit": "1 U",
    "date": "2023-01-17"
  },
  {
    "id": 30723,
    "name": "Barra Harina Trigo Integral 41% ",
    "description": "Barra Harina Trigo Integral 41% 210 Gr",
    "category": "Pan de horno",
    "url": "https://tienda.consum.es/es/p/barra-harina-trigo-integral-41/7411630",
    "price": 0.82,
    "reference_price": 3.9,
    "iva": 0,
    "reference_unit": "1 Kg",
    "date": "2023-01-17"
  },
  {
    "id": 30724,
    "name": "Leche Desnatada Brik RIO",
    "description": "Leche Desnatada Brik 1,5 L",
    "category": "Desnatada",
    "url": "https://tienda.consum.es/es/p/leche-desnatada-brik/7411635",
    "price": 1.43,
    "reference_price": 0.95,
    "iva": 0,
    "reference_unit": "1 L",
    "date": "2023-01-17"
  },
  {
    "id": 30725,
    "name": "Leche Semidesnatada Brik RIO",
    "description": "Leche Semidesnatada Brik 1,5 L",
    "category": "Semidesnatada",
    "url": "https://tienda.consum.es/es/p/leche-semidesnatada-brik/7411648",
    "price": 1.43,
    "reference_price": 0.95,
    "iva": 0,
    "reference_unit": "1 L",
    "date": "2023-01-17"
  },
  {
    "id": 30727,
    "name": "Spray Antiséptico Fungicida TECSANIA",
    "description": "Spray Antiséptico Fungicida 100 ml",
    "category": "Botiquín",
    "url": "https://tienda.consum.es/es/p/spray-antiseptico-fungicida/7411713",
    "price": 3.8,
    "reference_price": 3.8,
    "iva": 21,
    "reference_unit": "100 ml",
    "date": "2023-01-17"
  },
  {
    "id": 30728,
    "name": "Jamón Cocido Extra Duroc ELPOZO",
    "description": "Jamón Cocido Extra Duroc 150 Gr",
    "category": "Jamón cocido - york",
    "url": "https://tienda.consum.es/es/p/jamon-cocido-extra-duroc/7411742",
    "price": 2,
    "reference_price": 13.33,
    "iva": 10,
    "reference_unit": "1 Kg",
    "date": "2023-01-17"
  },
  {
    "id": 30730,
    "name": "Perlas Sensaciones Unstoppables LENOR",
    "description": "Perlas Sensaciones Unstoppables 210 Gr",
    "category": "Droguería y limpieza",
    "url": "https://tienda.consum.es/es/p/perlas-sensaciones-unstoppables/7411783",
    "price": 6.99,
    "reference_price": 33.29,
    "iva": 21,
    "reference_unit": "1 Kg",
    "date": "2023-01-17"
  },
  {
    "id": 30731,
    "name": "Agua Mineral Natural Bag in Box BEZOYA",
    "description": "Agua Mineral Natural Bag in Box 8 L",
    "category": "Agua sin gas : garrafa",
    "url": "https://tienda.consum.es/es/p/agua-mineral-natural-bag-in-box/7411866",
    "price": 3.45,
    "reference_price": 0.43,
    "iva": 10,
    "reference_unit": "1 L",
    "date": "2023-01-17"
  },
  {
    "id": 30732,
    "name": "Marineras Bacalao y Espinacas ",
    "description": "Marineras Bacalao y Espinacas 160 Gr",
    "category": "Pescadería",
    "url": "https://tienda.consum.es/es/p/marineras-bacalao-y-espinacas/7408990",
    "price": 2.95,
    "reference_price": 18.44,
    "iva": 10,
    "reference_unit": "1 Kg",
    "date": "2023-01-17"
  },
  {
    "id": 30733,
    "name": "Queso Rulo de Cabra 100% CONSUM",
    "description": "Queso Rulo de Cabra 100% 180 Gr",
    "category": "Brie, camembert y cremosos",
    "url": "https://tienda.consum.es/es/p/queso-rulo-de-cabra-100/7389781",
    "price": 2.04,
    "reference_price": 11.33,
    "iva": 0,
    "reference_unit": "1 Kg",
    "date": "2023-01-17"
  },
  {
    "id": 30734,
    "name": "Queso Mezcla Viejo Tostado CONSUM",
    "description": "Queso Mezcla Viejo Tostado 300 Gr",
    "category": "Quesos Curados",
    "url": "https://tienda.consum.es/es/p/queso-mezcla-viejo-tostado/7389807",
    "price": 3.56,
    "reference_price": 11.87,
    "iva": 0,
    "reference_unit": "1 Kg",
    "date": "2023-01-17"
  },
  {
    "id": 30735,
    "name": "Gel De Afeitar KYREY MEN",
    "description": "Gel De Afeitar 75 ml",
    "category": "Gel y jabón de afeitado",
    "url": "https://tienda.consum.es/es/p/gel-de-afeitar/7392772",
    "price": 1.35,
    "reference_price": 1.8,
    "iva": 21,
    "reference_unit": "100 ml",
    "date": "2023-01-17"
  },
  {
    "id": 30736,
    "name": "Arroz con Pollo al Curry CONSUM",
    "description": "Arroz con Pollo al Curry 350 Gr",
    "category": "Carne, verduras y otros",
    "url": "https://tienda.consum.es/es/p/arroz-con-pollo-al-curry/7397516",
    "price": 2.39,
    "reference_price": 6.83,
    "iva": 10,
    "reference_unit": "1 Kg",
    "date": "2023-01-17"
  },
  {
    "id": 30737,
    "name": "Tomate Tamizado Lata APIS",
    "description": "Tomate Tamizado Lata 400 Gr",
    "category": "Tomate",
    "url": "https://tienda.consum.es/es/p/tomate-tamizado-lata/7406338",
    "price": 1.05,
    "reference_price": 2.63,
    "iva": 10,
    "reference_unit": "1 Kg",
    "date": "2023-01-17"
  },
  {
    "id": 30740,
    "name": "Mascarilla Pro-V Miracles PANTENE",
    "description": "Mascarilla Pro-V Miracles 160 ml",
    "category": "Mascarillas cabello",
    "url": "https://tienda.consum.es/es/p/mascarilla-pro-v-miracles/7409246",
    "price": 4.99,
    "reference_price": 3.12,
    "iva": 21,
    "reference_unit": "100 ml",
    "date": "2023-01-17"
  },
  {
    "id": 30741,
    "name": "Champú Pro V-Miracles PANTENE",
    "description": "Champú Pro V-Miracles 225 ml",
    "category": "Champú",
    "url": "https://tienda.consum.es/es/p/champu-pro-v-miracles/7409266",
    "price": 4.19,
    "reference_price": 1.86,
    "iva": 21,
    "reference_unit": "100 ml",
    "date": "2023-01-17"
  },
  {
    "id": 30743,
    "name": "Recambio Vainilla 3 V AMBIPUR",
    "description": "Recambio Vainilla 3 V 1 U",
    "category": "Eléctricos y automáticos",
    "url": "https://tienda.consum.es/es/p/recambio-vainilla-3-v/7409709",
    "price": 3.99,
    "reference_price": 3.99,
    "iva": 21,
    "reference_unit": "1 U",
    "date": "2023-01-17"
  },
  {
    "id": 30752,
    "name": "Bizcocho con Cabello de Ángel ",
    "description": "Bizcocho con Cabello de Ángel 450 Gr",
    "category": "Cocas y bizcochos",
    "url": "https://tienda.consum.es/es/p/bizcocho-con-cabello-de-angel/7410368",
    "price": 3.65,
    "reference_price": 8.11,
    "iva": 10,
    "reference_unit": "1 Kg",
    "date": "2023-01-17"
  },
  {
    "id": 30753,
    "name": "Chocolate Xtreme Galleta y Caramelo NESTLE",
    "description": "Chocolate Xtreme Galleta y Caramelo 87 Gr",
    "category": "Tabletas",
    "url": "https://tienda.consum.es/es/p/chocolate-xtreme-galleta-y-caramelo/7411189",
    "price": 0.95,
    "reference_price": 10.92,
    "iva": 10,
    "reference_unit": "1 Kg",
    "date": "2023-01-17"
  },
  {
    "id": 30754,
    "name": "Yogur Griego Oikos Natural DANONE",
    "description": "Yogur Griego Oikos Natural 900 Gr",
    "category": "Cremosos y enriquecidos",
    "url": "https://tienda.consum.es/es/p/yogur-griego-oikos-natural/7411221",
    "price": 3.79,
    "reference_price": 4.21,
    "iva": 10,
    "reference_unit": "1 Kg",
    "date": "2023-01-17"
  },
  {
    "id": 30755,
    "name": "Pasta de Aceitunas de Kalamata ILIADA",
    "description": "Pasta de Aceitunas de Kalamata 135 Gr",
    "category": "Patés y untables",
    "url": "https://tienda.consum.es/es/p/pasta-de-aceitunas-de-kalamata/7411226",
    "price": 2.49,
    "reference_price": 18.44,
    "iva": 10,
    "reference_unit": "1 Kg",
    "date": "2023-01-17"
  },
  {
    "id": 30758,
    "name": "Cepillo Precision Clean Pro Battery ORAL B",
    "description": "Cepillo Precision Clean Pro Battery 1 U",
    "category": "Cepillos de dientes",
    "url": "https://tienda.consum.es/es/p/cepillo-precision-clean-pro-battery/7411304",
    "price": 12.95,
    "reference_price": 12.95,
    "iva": 21,
    "reference_unit": "1 U",
    "date": "2023-01-17"
  },
  {
    "id": 30759,
    "name": "Salmón Ahumado Noruego MARINA BEST",
    "description": "Salmón Ahumado Noruego 100 Gr",
    "category": "Ahumados",
    "url": "https://tienda.consum.es/es/p/salmon-ahumado-noruego/7411320",
    "price": 3.99,
    "reference_price": 39.9,
    "iva": 10,
    "reference_unit": "1 Kg",
    "date": "2023-01-17"
  },
  {
    "id": 30760,
    "name": "Laca Volumen PANTENE",
    "description": "Laca Volumen 370 ml",
    "category": "Lacas",
    "url": "https://tienda.consum.es/es/p/laca-volumen/7411341",
    "price": 5.49,
    "reference_price": 1.48,
    "iva": 21,
    "reference_unit": "100 ml",
    "date": "2023-01-17"
  },
  {
    "id": 30761,
    "name": "Difusor Automático Aéreo sin Recambio SPLASH",
    "description": "Difusor Automático Aéreo sin Recambio 1 U",
    "category": "Eléctricos y automáticos",
    "url": "https://tienda.consum.es/es/p/difusor-automatico-aereo-sin-recambio/7411353",
    "price": 5.95,
    "reference_price": 5.95,
    "iva": 21,
    "reference_unit": "1 U",
    "date": "2023-01-17"
  },
  {
    "id": 30763,
    "name": "Espuma Rizos Definidos PANTENE",
    "description": "Espuma Rizos Definidos 300 ml",
    "category": "Espumas y mousses",
    "url": "https://tienda.consum.es/es/p/espuma-rizos-definidos/7411411",
    "price": 5.35,
    "reference_price": 1.78,
    "iva": 21,
    "reference_unit": "100 ml",
    "date": "2023-01-17"
  },
  {
    "id": 30764,
    "name": "Laca Extrafuerte PANTENE",
    "description": "Laca Extrafuerte 370 ml",
    "category": "Lacas",
    "url": "https://tienda.consum.es/es/p/laca-extrafuerte/7411551",
    "price": 5.49,
    "reference_price": 1.48,
    "iva": 21,
    "reference_unit": "100 ml",
    "date": "2023-01-17"
  },
  {
    "id": 30765,
    "name": "Detergente Líquido Básico ARIEL",
    "description": "Detergente Líquido Básico 31 Lv",
    "category": "A máquina líquido",
    "url": "https://tienda.consum.es/es/p/detergente-liquido-basico/7411564",
    "price": 7.55,
    "reference_price": 0.24,
    "iva": 21,
    "reference_unit": "1 Lv",
    "date": "2023-01-17"
  },
  {
    "id": 30766,
    "name": "Leche Entera Brik RIO",
    "description": "Leche Entera Brik 1,5 L",
    "category": "Entera",
    "url": "https://tienda.consum.es/es/p/leche-entera-brik/7411643",
    "price": 1.43,
    "reference_price": 0.95,
    "iva": 0,
    "reference_unit": "1 L",
    "date": "2023-01-17"
  },
  {
    "id": 30767,
    "name": "Leche sin Lactosa Desnatada Brik RIO",
    "description": "Leche sin Lactosa Desnatada Brik 1 L",
    "category": "Desnatada",
    "url": "https://tienda.consum.es/es/p/leche-sin-lactosa-desnatada-brik/7411668",
    "price": 1.11,
    "reference_price": 1.11,
    "iva": 0,
    "reference_unit": "1 L",
    "date": "2023-01-17"
  },
  {
    "id": 30768,
    "name": "Tarta Bombón Infantil ",
    "description": "Tarta Bombón Infantil 500 Gr",
    "category": "Tartas ",
    "url": "https://tienda.consum.es/es/p/tarta-bombon-infantil/7411718",
    "price": 7.69,
    "reference_price": 15.38,
    "iva": 10,
    "reference_unit": "1 Kg",
    "date": "2023-01-17"
  },
  {
    "id": 30769,
    "name": "Leche sin Lactosa Semidesnatada Brik RIO",
    "description": "Leche sin Lactosa Semidesnatada Brik 1 L",
    "category": "Semidesnatada",
    "url": "https://tienda.consum.es/es/p/leche-sin-lactosa-semidesnatada-brik/7411721",
    "price": 1.11,
    "reference_price": 1.11,
    "iva": 0,
    "reference_unit": "1 L",
    "date": "2023-01-17"
  },
  {
    "id": 30770,
    "name": "Galletas Pepitas Chocolate con Edulc ",
    "description": "Galletas Pepitas Chocolate con Edulc 140 Gr",
    "category": "Pastas de té",
    "url": "https://tienda.consum.es/es/p/galletas-pepitas-chocolate-con-edulc/7411734",
    "price": 2.39,
    "reference_price": 17.07,
    "iva": 10,
    "reference_unit": "1 Kg",
    "date": "2023-01-17"
  },
  {
    "id": 30771,
    "name": "Queso Untar Natural sin Lactosa ARLA",
    "description": "Queso Untar Natural sin Lactosa 200 Gr",
    "category": "Quesos Para untar",
    "url": "https://tienda.consum.es/es/p/queso-untar-natural-sin-lactosa/7411747",
    "price": 2.07,
    "reference_price": 10.35,
    "iva": 0,
    "reference_unit": "1 Kg",
    "date": "2023-01-17"
  },
  {
    "id": 30772,
    "name": "Nata para Montar Minibrik RENY PICOT",
    "description": "Nata para Montar Minibrik 200 ml",
    "category": "Nata para montar",
    "url": "https://tienda.consum.es/es/p/nata-para-montar-minibrik/7411754",
    "price": 1.29,
    "reference_price": 6.45,
    "iva": 10,
    "reference_unit": "1 L",
    "date": "2023-01-17"
  },
  {
    "id": 30773,
    "name": "Nata para Cocinar Ligera Minibrik RENY PICOT",
    "description": "Nata para Cocinar Ligera Minibrik 200 ml",
    "category": "Nata para cocinar",
    "url": "https://tienda.consum.es/es/p/nata-para-cocinar-ligera-minibrik/7411759",
    "price": 1.15,
    "reference_price": 5.75,
    "iva": 10,
    "reference_unit": "1 L",
    "date": "2023-01-17"
  },
  {
    "id": 30776,
    "name": "Galleta Rellena de Crema DONUTS",
    "description": "Galleta Rellena de Crema 130 Gr",
    "category": "Galletas",
    "url": "https://tienda.consum.es/es/p/galleta-rellena-de-crema/7411788",
    "price": 1.99,
    "reference_price": 15.31,
    "iva": 10,
    "reference_unit": "1 Kg",
    "date": "2023-01-17"
  },
  {
    "id": 30777,
    "name": "Galleta Rellenas Crema al Cacao DONUTS",
    "description": "Galleta Rellenas Crema al Cacao 140 Gr",
    "category": "Galletas",
    "url": "https://tienda.consum.es/es/p/galleta-rellenas-crema-al-cacao/7411791",
    "price": 1.99,
    "reference_price": 14.21,
    "iva": 10,
    "reference_unit": "1 Kg",
    "date": "2023-01-17"
  },
  {
    "id": 30778,
    "name": "Vino Tinto Temp-Shiraz Reg. Castilla La Mancha EL GARABATO",
    "description": "Vino Tinto Temp-Shiraz Reg. Castilla La Mancha 0,75 L",
    "category": "Vinos d.o",
    "url": "https://tienda.consum.es/es/p/vino-tinto-temp-shiraz-reg-castilla-la-mancha/7411796",
    "price": 2.4,
    "reference_price": 3.2,
    "iva": 21,
    "reference_unit": "1 L",
    "date": "2023-01-17"
  },
  {
    "id": 30779,
    "name": "Champú Clásico 2 En 1 H&S",
    "description": "Champú Clásico 2 En 1 360 ml",
    "category": "Champú",
    "url": "https://tienda.consum.es/es/p/champu-clasico-2-en-1/7411825",
    "price": 4.25,
    "reference_price": 1.18,
    "iva": 21,
    "reference_unit": "100 ml",
    "date": "2023-01-17"
  },
  {
    "id": 30780,
    "name": "Champú Citrus H&S",
    "description": "Champú Citrus 360 ml",
    "category": "Champú",
    "url": "https://tienda.consum.es/es/p/champu-citrus/7411833",
    "price": 4.25,
    "reference_price": 1.18,
    "iva": 21,
    "reference_unit": "100 ml",
    "date": "2023-01-17"
  },
  {
    "id": 30781,
    "name": "Champú Clásico H&S",
    "description": "Champú Clásico 360 ml",
    "category": "Champú",
    "url": "https://tienda.consum.es/es/p/champu-clasico/7411838",
    "price": 4.25,
    "reference_price": 1.18,
    "iva": 21,
    "reference_unit": "100 ml",
    "date": "2023-01-17"
  },
  {
    "id": 30782,
    "name": "Champú Menthol H&S",
    "description": "Champú Menthol 360 ml",
    "category": "Champú",
    "url": "https://tienda.consum.es/es/p/champu-menthol/7411841",
    "price": 4.25,
    "reference_price": 1.18,
    "iva": 21,
    "reference_unit": "100 ml",
    "date": "2023-01-17"
  },
  {
    "id": 30783,
    "name": "Champú Clásico H&S",
    "description": "Champú Clásico 700 ml",
    "category": "Champú",
    "url": "https://tienda.consum.es/es/p/champu-clasico/7411846",
    "price": 7.99,
    "reference_price": 1.14,
    "iva": 21,
    "reference_unit": "100 ml",
    "date": "2023-01-17"
  },
  {
    "id": 30784,
    "name": "Palomitas Mantequilla Bolsa RISI",
    "description": "Palomitas Mantequilla Bolsa 90 Gr",
    "category": "Snacks y otros aperitivos",
    "url": "https://tienda.consum.es/es/p/palomitas-mantequilla-bolsa/7411874",
    "price": 1.16,
    "reference_price": 12.89,
    "iva": 10,
    "reference_unit": "1 Kg",
    "date": "2023-01-17"
  },
  {
    "id": 30785,
    "name": "Refresco Lima-Limón Lata LAIMON",
    "description": "Refresco Lima-Limón Lata 0,33 L",
    "category": "Limón y lima-limón",
    "url": "https://tienda.consum.es/es/p/refresco-lima-limon-lata/7411890",
    "price": 0.8,
    "reference_price": 2.42,
    "iva": 21,
    "reference_unit": "1 L",
    "date": "2023-01-17"
  },
  {
    "id": 30786,
    "name": "Bebida Energética Piña-Coco Lata CONTACT",
    "description": "Bebida Energética Piña-Coco Lata 0,25 L",
    "category": "Energéticas",
    "url": "https://tienda.consum.es/es/p/bebida-energetica-pina-coco-lata/7411903",
    "price": 0.49,
    "reference_price": 1.96,
    "iva": 21,
    "reference_unit": "1 L",
    "date": "2023-01-17"
  },
  {
    "id": 30787,
    "name": "Cerveza Manila Lata SAN MIGUEL",
    "description": "Cerveza Manila Lata 0,33 L",
    "category": "Nacional lata",
    "url": "https://tienda.consum.es/es/p/cerveza-manila-lata/7411932",
    "price": 0.99,
    "reference_price": 3,
    "iva": 21,
    "reference_unit": "1 L",
    "date": "2023-01-17"
  },
  {
    "id": 30788,
    "name": "Ron Extra Viejo Dominicano BRUGAL",
    "description": "Ron Extra Viejo Dominicano 0,7 L",
    "category": "Licores y vermouth",
    "url": "https://tienda.consum.es/es/p/ron-extra-viejo-dominicano/7411940",
    "price": 19.9,
    "reference_price": 28.43,
    "iva": 21,
    "reference_unit": "1 L",
    "date": "2023-01-17"
  },
  {
    "id": 30789,
    "name": "Espátula Cocina Renova QUID",
    "description": "Espátula Cocina Renova 1 U",
    "category": "Hogar",
    "url": "https://tienda.consum.es/es/p/espatula-cocina-renova/7411973",
    "price": 2.99,
    "reference_price": 2.99,
    "iva": 21,
    "reference_unit": "1 U",
    "date": "2023-01-17"
  },
  {
    "id": 30790,
    "name": "Pincel Cocina Renova QUID",
    "description": "Pincel Cocina Renova 1 U",
    "category": "Hogar",
    "url": "https://tienda.consum.es/es/p/pincel-cocina-renova/7411978",
    "price": 2.99,
    "reference_price": 2.99,
    "iva": 21,
    "reference_unit": "1 U",
    "date": "2023-01-17"
  },
  {
    "id": 30791,
    "name": "Langostino Cocido 300 Gr ",
    "description": "Langostino Cocido - disponible viernes y sábado 300 Gr",
    "category": "Pescado en bandeja",
    "url": "https://tienda.consum.es/es/p/langostino-cocido-300-gr/7411549",
    "price": 3.99,
    "reference_price": 13.3,
    "iva": 10,
    "reference_unit": "1 Kg",
    "date": "2023-01-17"
  },
  {
    "id": 30817,
    "name": "Mejillón Pasteurizado ",
    "description": "Mejillón Pasteurizado 800 Gr",
    "category": "Pescado en bandeja",
    "url": "https://tienda.consum.es/es/p/mejillon-pasteurizado/7410975",
    "price": 3.99,
    "reference_price": 4.99,
    "iva": 10,
    "reference_unit": "1 Kg",
    "date": "2023-01-17"
  },
  {
    "id": 30819,
    "name": "Lavavajillas Concentrado Maxi Poder FAIRY",
    "description": "Lavavajillas Concentrado Maxi Poder 0,37 L",
    "category": "Lavavajillas a mano",
    "url": "https://tienda.consum.es/es/p/lavavajillas-concentrado-maxi-poder/7395747",
    "price": 3.85,
    "reference_price": 10.41,
    "iva": 21,
    "reference_unit": "1 L",
    "date": "2023-01-17"
  },
  {
    "id": 30820,
    "name": "Limpiamuebles CONSUM",
    "description": "Limpiamuebles 0,4 L",
    "category": "Limpieza hogar",
    "url": "https://tienda.consum.es/es/p/limpiamuebles/7396609",
    "price": 1.45,
    "reference_price": 3.63,
    "iva": 21,
    "reference_unit": "1 L",
    "date": "2023-01-17"
  },
  {
    "id": 30821,
    "name": "Limpiador Abrillantador CONSUM",
    "description": "Limpiador Abrillantador 0,5 L",
    "category": "Limpieza hogar",
    "url": "https://tienda.consum.es/es/p/limpiador-abrillantador/7396646",
    "price": 1.99,
    "reference_price": 3.98,
    "iva": 21,
    "reference_unit": "1 L",
    "date": "2023-01-17"
  },
  {
    "id": 30822,
    "name": "Alcohol De Romero KYREY PHARMA",
    "description": "Alcohol De Romero 250 ml",
    "category": "Alcohol, agua oxigenada y otros",
    "url": "https://tienda.consum.es/es/p/alcohol-de-romero/7398589",
    "price": 2,
    "reference_price": 0.8,
    "iva": 21,
    "reference_unit": "100 ml",
    "date": "2023-01-17"
  },
  {
    "id": 30823,
    "name": "Velitas Diseño VAHINÉ",
    "description": "Velitas Diseño 10 U",
    "category": "Repostería para preparar",
    "url": "https://tienda.consum.es/es/p/velitas-diseno/7407729",
    "price": 1.79,
    "reference_price": 0.18,
    "iva": 21,
    "reference_unit": "1 U",
    "date": "2023-01-17"
  },
  {
    "id": 30824,
    "name": "Pepitas XXL Chocolate negro VAHINÉ",
    "description": "Pepitas XXL Chocolate negro 10 U",
    "category": "Repostería para preparar",
    "url": "https://tienda.consum.es/es/p/pepitas-xxl-chocolate-negro/7407740",
    "price": 2.59,
    "reference_price": 0.26,
    "iva": 10,
    "reference_unit": "1 U",
    "date": "2023-01-17"
  },
  {
    "id": 30825,
    "name": "Bolitas Crocanti 3 Chocolates VAHINÉ",
    "description": "Bolitas Crocanti 3 Chocolates 6 U",
    "category": "Repostería para preparar",
    "url": "https://tienda.consum.es/es/p/bolitas-crocanti-3-chocolates/7407765",
    "price": 3.99,
    "reference_price": 0.67,
    "iva": 10,
    "reference_unit": "1 U",
    "date": "2023-01-17"
  },
  {
    "id": 30826,
    "name": "Tarrina Chocolate Salted Caramel HAAGEN DAZS",
    "description": "Tarrina Chocolate Salted Caramel 400 Gr",
    "category": "Tarrinas",
    "url": "https://tienda.consum.es/es/p/tarrina-chocolate-salted-caramel/7408516",
    "price": 6.49,
    "reference_price": 16.23,
    "iva": 10,
    "reference_unit": "1 Kg",
    "date": "2023-01-17"
  },
  {
    "id": 30833,
    "name": "Albóndigas Veganas Salsa Tomate CARLOTA",
    "description": "Albóndigas Veganas Salsa Tomate 350 Gr",
    "category": "Platos preparados",
    "url": "https://tienda.consum.es/es/p/albondigas-veganas-salsa-tomate/7411242",
    "price": 3.99,
    "reference_price": 11.4,
    "iva": 10,
    "reference_unit": "1 Kg",
    "date": "2023-01-17"
  },
  {
    "id": 30834,
    "name": "Quinoa con Verduras Manzana y Curry CARLOTA",
    "description": "Quinoa con Verduras Manzana y Curry 350 Gr",
    "category": "Platos preparados",
    "url": "https://tienda.consum.es/es/p/quinoa-con-verduras-manzana-y-curry/7411247",
    "price": 3.99,
    "reference_price": 11.4,
    "iva": 10,
    "reference_unit": "1 Kg",
    "date": "2023-01-17"
  },
  {
    "id": 30835,
    "name": "Detergente Extra Poder Quitamanchas Cápsulas ARIEL",
    "description": "Detergente Extra Poder Quitamanchas Cápsulas 12 Lv",
    "category": "Máquina pastilla",
    "url": "https://tienda.consum.es/es/p/detergente-extra-poder-quitamanchas-capsulas/7411569",
    "price": 6.79,
    "reference_price": 0.57,
    "iva": 21,
    "reference_unit": "1 Lv",
    "date": "2023-01-17"
  },
  {
    "id": 30836,
    "name": "Detergente en Polvo ARIEL",
    "description": "Detergente en Polvo 30 Lv",
    "category": "Máquina polvo",
    "url": "https://tienda.consum.es/es/p/detergente-en-polvo/7411585",
    "price": 10.99,
    "reference_price": 0.37,
    "iva": 21,
    "reference_unit": "1 Lv",
    "date": "2023-01-17"
  },
  {
    "id": 30837,
    "name": "Manitas de Cerdo en Salsa POLGRI",
    "description": "Manitas de Cerdo en Salsa 390 Gr",
    "category": "Conservas",
    "url": "https://tienda.consum.es/es/p/manitas-de-cerdo-en-salsa/7411895",
    "price": 3.89,
    "reference_price": 9.97,
    "iva": 10,
    "reference_unit": "1 Kg",
    "date": "2023-01-17"
  },
  {
    "id": 30838,
    "name": "Whisky 8 Años DYC",
    "description": "Whisky 8 Años 0,7 L",
    "category": "Licores y vermouth",
    "url": "https://tienda.consum.es/es/p/whisky-8-anos/7411937",
    "price": 11.9,
    "reference_price": 17,
    "iva": 21,
    "reference_unit": "1 L",
    "date": "2023-01-17"
  },
  {
    "id": 30839,
    "name": "Champú Menthol H&S",
    "description": "Champú Menthol 700 ml",
    "category": "Champú",
    "url": "https://tienda.consum.es/es/p/champu-menthol/7411952",
    "price": 7.99,
    "reference_price": 1.14,
    "iva": 21,
    "reference_unit": "100 ml",
    "date": "2023-01-17"
  },
  {
    "id": 30840,
    "name": "Champú Citrus H&S",
    "description": "Champú Citrus 700 ml",
    "category": "Champú",
    "url": "https://tienda.consum.es/es/p/champu-citrus/7411957",
    "price": 7.99,
    "reference_price": 1.14,
    "iva": 21,
    "reference_unit": "100 ml",
    "date": "2023-01-17"
  },
  {
    "id": 30841,
    "name": "Bolsa Basura 50L Resistente Antigoteo HANDY BAG",
    "description": "Bolsa Basura 50L Resistente Antigoteo 10 U",
    "category": "Bolsas y sacos de basura",
    "url": "https://tienda.consum.es/es/p/bolsa-basura-50l-resistente-antigoteo/7412042",
    "price": 2.69,
    "reference_price": 0.27,
    "iva": 21,
    "reference_unit": "1 U",
    "date": "2023-01-17"
  },
  {
    "id": 30842,
    "name": "Bolsas Congelación Ultra - Zip ALBAL",
    "description": "Bolsas Congelación Ultra - Zip 20 U",
    "category": "Bazar",
    "url": "https://tienda.consum.es/es/p/bolsas-congelacion-ultra---zip/7412059",
    "price": 3.69,
    "reference_price": 0.18,
    "iva": 21,
    "reference_unit": "1 U",
    "date": "2023-01-17"
  },
  {
    "id": 30843,
    "name": "Bebida de Almendra Barista Brik ALMENDROLA",
    "description": "Bebida de Almendra Barista Brik 1 L",
    "category": "Bebidas vegetales",
    "url": "https://tienda.consum.es/es/p/bebida-de-almendra-barista-brik/7412091",
    "price": 1.99,
    "reference_price": 1.99,
    "iva": 10,
    "reference_unit": "1 L",
    "date": "2023-01-17"
  },
  {
    "id": 30844,
    "name": "Bebida No es Leche Avena y Soja Brik YOSOY",
    "description": "Bebida No es Leche Avena y Soja Brik 1 L",
    "category": "Bebidas vegetales",
    "url": "https://tienda.consum.es/es/p/bebida-no-es-leche-avena-y-soja-brik/7412240",
    "price": 1.85,
    "reference_price": 1.85,
    "iva": 10,
    "reference_unit": "1 L",
    "date": "2023-01-17"
  },
  {
    "id": 30848,
    "name": "Bebida de Avena Sin Azúcar Brik VIVESOY",
    "description": "Bebida de Avena Sin Azúcar Brik 1 L",
    "category": "Bebidas vegetales",
    "url": "https://tienda.consum.es/es/p/bebida-de-avena-sin-azucar-brik/7412356",
    "price": 1.99,
    "reference_price": 1.99,
    "iva": 10,
    "reference_unit": "1 L",
    "date": "2023-01-17"
  },
  {
    "id": 30849,
    "name": "Pastillas Lavavajillas Ultimate Plus FINISH",
    "description": "Pastillas Lavavajillas Ultimate Plus 18 Do",
    "category": "Lavavajillas a máquina",
    "url": "https://tienda.consum.es/es/p/pastillas-lavavajillas-ultimate-plus/7412369",
    "price": 10.55,
    "reference_price": 0.59,
    "iva": 21,
    "reference_unit": "1 Do",
    "date": "2023-01-17"
  },
  {
    "id": 30850,
    "name": "Yogur Trio de Sabor con Fresa y Chocolate LA LECHERA",
    "description": "Yogur Trio de Sabor con Fresa y Chocolate 2 x 120 Gr",
    "category": "Cremosos y enriquecidos",
    "url": "https://tienda.consum.es/es/p/yogur-trio-de-sabor-con-fresa-y-chocolate/7412393",
    "price": 1.85,
    "reference_price": 7.71,
    "iva": 10,
    "reference_unit": "1 Kg",
    "date": "2023-01-17"
  },
  {
    "id": 30852,
    "name": "Endibia Bandeja ",
    "description": "Endibia Bandeja 450 Gr",
    "category": "Lechuga y endibias",
    "url": "https://tienda.consum.es/es/p/endibia-bandeja/7412612",
    "price": 1.53,
    "reference_price": 3.4,
    "iva": 0,
    "reference_unit": "1 Kg",
    "date": "2023-01-17"
  },
  {
    "id": 30853,
    "name": "Barrita Frutas y Cacahuete NAKD",
    "description": "Barrita Frutas y Cacahuete 140 Gr",
    "category": "Barritas ",
    "url": "https://tienda.consum.es/es/p/barrita-frutas-y-cacahuete/7412620",
    "price": 2.99,
    "reference_price": 21.36,
    "iva": 10,
    "reference_unit": "1 Kg",
    "date": "2023-01-17"
  },
  {
    "id": 30856,
    "name": "Limpiador Antical Gel CONSUM",
    "description": "Limpiador Antical Gel 0,75 L",
    "category": "Antical",
    "url": "https://tienda.consum.es/es/p/limpiador-antical-gel/7396612",
    "price": 1.65,
    "reference_price": 2.2,
    "iva": 21,
    "reference_unit": "1 L",
    "date": "2023-01-17"
  },
  {
    "id": 30857,
    "name": "Limpiador Forte CONSUM",
    "description": "Limpiador Forte 0,75 L",
    "category": "Limpieza hogar",
    "url": "https://tienda.consum.es/es/p/limpiador-forte/7396617",
    "price": 1.5,
    "reference_price": 2,
    "iva": 21,
    "reference_unit": "1 L",
    "date": "2023-01-17"
  },
  {
    "id": 30862,
    "name": "Chocolate Xtreme Caramelo y Avellana NESTLE",
    "description": "Chocolate Xtreme Caramelo y Avellana 87 Gr",
    "category": "Tabletas",
    "url": "https://tienda.consum.es/es/p/chocolate-xtreme-caramelo-y-avellana/7411197",
    "price": 0.95,
    "reference_price": 10.92,
    "iva": 10,
    "reference_unit": "1 Kg",
    "date": "2023-01-17"
  },
  {
    "id": 30863,
    "name": "Detergente Gel Aromaterapia DIXAN",
    "description": "Detergente Gel Aromaterapia 28 Lv",
    "category": "A máquina líquido",
    "url": "https://tienda.consum.es/es/p/detergente-gel-aromaterapia/7411395",
    "price": 6.3,
    "reference_price": 0.23,
    "iva": 21,
    "reference_unit": "1 Lv",
    "date": "2023-01-17"
  },
  {
    "id": 30864,
    "name": "Detergente Gel DIXAN",
    "description": "Detergente Gel 28 Lv",
    "category": "A máquina líquido",
    "url": "https://tienda.consum.es/es/p/detergente-gel/7411403",
    "price": 6.3,
    "reference_price": 0.23,
    "iva": 21,
    "reference_unit": "1 Lv",
    "date": "2023-01-17"
  },
  {
    "id": 30865,
    "name": "Set de Velas Perfumadas Aromas Surtidos LUMAR",
    "description": "Set de Velas Perfumadas Aromas Surtidos 4 U",
    "category": "Velas",
    "url": "https://tienda.consum.es/es/p/set-de-velas-perfumadas-aromas-surtidos/7411853",
    "price": 4.99,
    "reference_price": 1.25,
    "iva": 21,
    "reference_unit": "1 U",
    "date": "2023-01-17"
  },
  {
    "id": 30866,
    "name": "Champú Clásico 2 En 1 H&S",
    "description": "Champú Clásico 2 En 1 700 ml",
    "category": "Champú",
    "url": "https://tienda.consum.es/es/p/champu-clasico-2-en-1/7411965",
    "price": 7.99,
    "reference_price": 1.14,
    "iva": 21,
    "reference_unit": "100 ml",
    "date": "2023-01-17"
  },
  {
    "id": 30867,
    "name": "Champú Fortificante Prevención Caída VITARELLE",
    "description": "Champú Fortificante Prevención Caída 400 ml",
    "category": "Champú",
    "url": "https://tienda.consum.es/es/p/champu-fortificante-prevencion-caida/7412054",
    "price": 2.99,
    "reference_price": 0.75,
    "iva": 21,
    "reference_unit": "100 ml",
    "date": "2023-01-17"
  },
  {
    "id": 30868,
    "name": "Champú Cabellos Secos Estropeados VITARELLE",
    "description": "Champú Cabellos Secos Estropeados 400 ml",
    "category": "Champú",
    "url": "https://tienda.consum.es/es/p/champu-cabellos-secos-estropeados/7412062",
    "price": 2.99,
    "reference_price": 0.75,
    "iva": 21,
    "reference_unit": "100 ml",
    "date": "2023-01-17"
  },
  {
    "id": 30869,
    "name": "Champú Cabellos Grasos VITARELLE",
    "description": "Champú Cabellos Grasos 400 ml",
    "category": "Champú",
    "url": "https://tienda.consum.es/es/p/champu-cabellos-grasos/7412070",
    "price": 2.99,
    "reference_price": 0.75,
    "iva": 21,
    "reference_unit": "100 ml",
    "date": "2023-01-17"
  },
  {
    "id": 30872,
    "name": "Salchicha Frankfurt de Pollo CAMPOFRÍO",
    "description": "Salchicha Frankfurt de Pollo 4 x 140 Gr",
    "category": "Salchichas",
    "url": "https://tienda.consum.es/es/p/salchicha-frankfurt-de-pollo/7412273",
    "price": 2,
    "reference_price": 3.57,
    "iva": 10,
    "reference_unit": "1 Kg",
    "date": "2023-01-17"
  },
  {
    "id": 30874,
    "name": "Filetes Atún Claro Tarro en Aceite de Oliva CUCA",
    "description": "Filetes Atún Claro Tarro en Aceite de Oliva 117 Gr",
    "category": "Atún y bonito",
    "url": "https://tienda.consum.es/es/p/filetes-atun-claro-tarro-en-aceite-de-oliva/7412281",
    "price": 4.99,
    "reference_price": 42.65,
    "iva": 10,
    "reference_unit": "1 Kg",
    "date": "2023-01-17"
  },
  {
    "id": 30875,
    "name": "Toallitas Wc Fruta tropical KANDOO",
    "description": "Toallitas Wc Fruta tropical 2 x 60 U",
    "category": "Toallitas",
    "url": "https://tienda.consum.es/es/p/toallitas-wc-fruta-tropical/7412315",
    "price": 5.9,
    "reference_price": 0.05,
    "iva": 21,
    "reference_unit": "1 U",
    "date": "2023-01-17"
  },
  {
    "id": 30877,
    "name": "Sandwich Chocolate sin Gluten GULLON",
    "description": "Sandwich Chocolate sin Gluten 225 Gr",
    "category": "Galletas saludables",
    "url": "https://tienda.consum.es/es/p/sandwich-chocolate-sin-gluten/7412430",
    "price": 2.89,
    "reference_price": 12.84,
    "iva": 10,
    "reference_unit": "1 Kg",
    "date": "2023-01-17"
  },
  {
    "id": 30882,
    "name": "Galletas Saladas Mini Mix GULLON",
    "description": "Galletas Saladas Mini Mix 350 Gr",
    "category": "Galletas saladas",
    "url": "https://tienda.consum.es/es/p/galletas-saladas-mini-mix/7412596",
    "price": 1.85,
    "reference_price": 5.29,
    "iva": 10,
    "reference_unit": "1 Kg",
    "date": "2023-01-17"
  },
  {
    "id": 30883,
    "name": "Barrita Frutas y Arándanos NAKD",
    "description": "Barrita Frutas y Arándanos 140 Gr",
    "category": "Barritas ",
    "url": "https://tienda.consum.es/es/p/barrita-frutas-y-arandanos/7412617",
    "price": 2.99,
    "reference_price": 21.36,
    "iva": 10,
    "reference_unit": "1 Kg",
    "date": "2023-01-17"
  },
  {
    "id": 30898,
    "name": "Chocolate Negro 72% Cacao con Arandanos CONSUM",
    "description": "Chocolate Negro 72% Cacao con Arandanos 100 Gr",
    "category": "Tabletas",
    "url": "https://tienda.consum.es/es/p/chocolate-negro-72-cacao-con-arandanos/7383610",
    "price": 1.2,
    "reference_price": 12,
    "iva": 10,
    "reference_unit": "1 Kg",
    "date": "2023-01-17"
  },
  {
    "id": 30899,
    "name": "Chocolate Negro 72% Cacao con Naranja CONSUM",
    "description": "Chocolate Negro 72% Cacao con Naranja 100 Gr",
    "category": "Tabletas",
    "url": "https://tienda.consum.es/es/p/chocolate-negro-72-cacao-con-naranja/7383615",
    "price": 1.2,
    "reference_price": 12,
    "iva": 10,
    "reference_unit": "1 Kg",
    "date": "2023-01-17"
  },
  {
    "id": 30900,
    "name": "Pastillas Lavavajillas Clásicas CONSUM",
    "description": "Pastillas Lavavajillas Clásicas 50 Do",
    "category": "Lavavajillas a máquina",
    "url": "https://tienda.consum.es/es/p/pastillas-lavavajillas-clasicas/7401243",
    "price": 3.99,
    "reference_price": 0.08,
    "iva": 21,
    "reference_unit": "1 Do",
    "date": "2023-01-17"
  },
  {
    "id": 30901,
    "name": "Pack Velas Aniversario Colores Surtidos LUMAR",
    "description": "Pack Velas Aniversario Colores Surtidos 24 U",
    "category": "Repostería para preparar",
    "url": "https://tienda.consum.es/es/p/pack-velas-aniversario-colores-surtidos/7402626",
    "price": 0.99,
    "reference_price": 0.04,
    "iva": 21,
    "reference_unit": "1 U",
    "date": "2023-01-17"
  },
  {
    "id": 30902,
    "name": "Acondicionador Pro-V Miracles PANTENE",
    "description": "Acondicionador Pro-V Miracles 200 ml",
    "category": "Acondicionadores",
    "url": "https://tienda.consum.es/es/p/acondicionador-pro-v-miracles/7409261",
    "price": 3.99,
    "reference_price": 2,
    "iva": 21,
    "reference_unit": "100 ml",
    "date": "2023-01-17"
  },
  {
    "id": 30903,
    "name": "Barrita Cereales Fitness Chocolate con Leche NESTLE",
    "description": "Barrita Cereales Fitness Chocolate con Leche 135 Gr",
    "category": "Cereales y barritas",
    "url": "https://tienda.consum.es/es/p/barrita-cereales-fitness-chocolate-con-leche/7409840",
    "price": 2.19,
    "reference_price": 16.22,
    "iva": 10,
    "reference_unit": "1 Kg",
    "date": "2023-01-17"
  },
  {
    "id": 30905,
    "name": "Salmón Ahumado Marinado LA BALINESA",
    "description": "Salmón Ahumado Marinado 80 Gr",
    "category": "Ahumados",
    "url": "https://tienda.consum.es/es/p/salmon-ahumado-marinado/7411452",
    "price": 4.99,
    "reference_price": 62.38,
    "iva": 10,
    "reference_unit": "1 Kg",
    "date": "2023-01-17"
  },
  {
    "id": 30906,
    "name": "Bacalao Ahumado en Aceite de Oliva LA BALINESA",
    "description": "Bacalao Ahumado en Aceite de Oliva 80 Gr",
    "category": "Ahumados",
    "url": "https://tienda.consum.es/es/p/bacalao-ahumado-en-aceite-de-oliva/7411515",
    "price": 5.2,
    "reference_price": 65,
    "iva": 10,
    "reference_unit": "1 Kg",
    "date": "2023-01-17"
  },
  {
    "id": 30907,
    "name": "Tonica Limon Lata SCHWEPPES",
    "description": "Tonica Limon Lata 0,33 L",
    "category": "Tónica",
    "url": "https://tienda.consum.es/es/p/tonica-limon-lata/7411580",
    "price": 0.85,
    "reference_price": 2.58,
    "iva": 21,
    "reference_unit": "1 L",
    "date": "2023-01-17"
  },
  {
    "id": 30908,
    "name": "Detergente Oxi Cápsulas ARIEL",
    "description": "Detergente Oxi Cápsulas 19 Lv",
    "category": "Cuidado ropa",
    "url": "https://tienda.consum.es/es/p/detergente-oxi-capsulas/7411598",
    "price": 11.89,
    "reference_price": 0.63,
    "iva": 21,
    "reference_unit": "1 Lv",
    "date": "2023-01-17"
  },
  {
    "id": 30909,
    "name": "Gel Avena INST.ESPAÑOL",
    "description": "Gel Avena 1250 ml",
    "category": "Gel de baño",
    "url": "https://tienda.consum.es/es/p/gel-avena/7411671",
    "price": 2.19,
    "reference_price": 0.18,
    "iva": 21,
    "reference_unit": "100 ml",
    "date": "2023-01-17"
  },
  {
    "id": 30910,
    "name": "Gel Urea INST.ESPAÑOL",
    "description": "Gel Urea 1250 ml",
    "category": "Gel de baño",
    "url": "https://tienda.consum.es/es/p/gel-urea/7411684",
    "price": 2.49,
    "reference_price": 0.2,
    "iva": 21,
    "reference_unit": "100 ml",
    "date": "2023-01-17"
  },
  {
    "id": 30911,
    "name": "Comida Perro Mediano Fresh Market HARPER&BONE",
    "description": "Comida Perro Mediano Fresh Market 3 Kg",
    "category": "Seco",
    "url": "https://tienda.consum.es/es/p/comida-perro-mediano-fresh-market/7411692",
    "price": 16.8,
    "reference_price": 5.6,
    "iva": 10,
    "reference_unit": "1 Kg",
    "date": "2023-01-17"
  },
  {
    "id": 30912,
    "name": "Comida Perro Mini Flavours of the Farm HARPER&BONE",
    "description": "Comida Perro Mini Flavours of the Farm 1,5 Kg",
    "category": "Seco",
    "url": "https://tienda.consum.es/es/p/comida-perro-mini-flavours-of-the-farm/7411700",
    "price": 7.9,
    "reference_price": 5.27,
    "iva": 10,
    "reference_unit": "1 Kg",
    "date": "2023-01-17"
  },
  {
    "id": 30914,
    "name": "Ketchup original Bote PRIMA",
    "description": "Ketchup original Bote 540 Gr",
    "category": "Ketchup",
    "url": "https://tienda.consum.es/es/p/ketchup-original-bote/7411999",
    "price": 3.49,
    "reference_price": 6.46,
    "iva": 10,
    "reference_unit": "1 Kg",
    "date": "2023-01-17"
  },
  {
    "id": 30915,
    "name": "ketchup Cero Bote PRIMA",
    "description": "ketchup Cero Bote 265 Gr",
    "category": "Ketchup",
    "url": "https://tienda.consum.es/es/p/ketchup-cero-bote/7412000",
    "price": 2.45,
    "reference_price": 9.25,
    "iva": 10,
    "reference_unit": "1 Kg",
    "date": "2023-01-17"
  },
  {
    "id": 30916,
    "name": "Mayonesa Original Bote PRIMA",
    "description": "Mayonesa Original Bote 400 ml",
    "category": "Mayonesa",
    "url": "https://tienda.consum.es/es/p/mayonesa-original-bote/7412005",
    "price": 2.95,
    "reference_price": 7.38,
    "iva": 10,
    "reference_unit": "1 L",
    "date": "2023-01-17"
  },
  {
    "id": 30917,
    "name": "Mayonesa Cero Bote PRIMA",
    "description": "Mayonesa Cero Bote 255 ml",
    "category": "Mayonesa",
    "url": "https://tienda.consum.es/es/p/mayonesa-cero-bote/7412013",
    "price": 3.15,
    "reference_price": 12.35,
    "iva": 10,
    "reference_unit": "1 L",
    "date": "2023-01-17"
  },
  {
    "id": 30918,
    "name": "Mostaza Original Bote PRIMA",
    "description": "Mostaza Original Bote 265 Gr",
    "category": "Mostaza",
    "url": "https://tienda.consum.es/es/p/mostaza-original-bote/7412021",
    "price": 2.09,
    "reference_price": 7.89,
    "iva": 10,
    "reference_unit": "1 Kg",
    "date": "2023-01-17"
  },
  {
    "id": 30919,
    "name": "Barbacoa Cero Bote PRIMA",
    "description": "Barbacoa Cero Bote 265 Gr",
    "category": "Brava, barbacoa y rosa",
    "url": "https://tienda.consum.es/es/p/barbacoa-cero-bote/7412026",
    "price": 2.49,
    "reference_price": 9.4,
    "iva": 10,
    "reference_unit": "1 Kg",
    "date": "2023-01-17"
  },
  {
    "id": 30921,
    "name": "Vermout Rojo PETRONI",
    "description": "Vermout Rojo 1 L",
    "category": "Licores y vermouth",
    "url": "https://tienda.consum.es/es/p/vermout-rojo/7412422",
    "price": 14.5,
    "reference_price": 14.5,
    "iva": 21,
    "reference_unit": "1 L",
    "date": "2023-01-17"
  },
  {
    "id": 30922,
    "name": "Vino Tinto Merlot Reg. Castilla La Mancha EL GARABATO",
    "description": "Vino Tinto Merlot Reg. Castilla La Mancha 0,75 L",
    "category": "Vinos d.o",
    "url": "https://tienda.consum.es/es/p/vino-tinto-merlot-reg-castilla-la-mancha/7412653",
    "price": 2.4,
    "reference_price": 3.2,
    "iva": 21,
    "reference_unit": "1 L",
    "date": "2023-01-17"
  },
  {
    "id": 30923,
    "name": "Barritas Cereales Fruit & Nut NATUR.VALLEY",
    "description": "Barritas Cereales Fruit & Nut 120 Gr",
    "category": "Barritas ",
    "url": "https://tienda.consum.es/es/p/barritas-cereales-fruit-nut/7412666",
    "price": 2.99,
    "reference_price": 24.92,
    "iva": 10,
    "reference_unit": "1 Kg",
    "date": "2023-01-17"
  },
  {
    "id": 30924,
    "name": "Vino Blanco Verdejo Reg. Castilla La Mancha EL GARABATO",
    "description": "Vino Blanco Verdejo Reg. Castilla La Mancha 0,75 L",
    "category": "Vinos d.o",
    "url": "https://tienda.consum.es/es/p/vino-blanco-verdejo-reg-castilla-la-mancha/7412682",
    "price": 2.25,
    "reference_price": 3,
    "iva": 21,
    "reference_unit": "1 L",
    "date": "2023-01-17"
  },
  {
    "id": 30928,
    "name": "Linterna Frontal 100 Lm con 2 Pilas AAA ENERGIZER",
    "description": "Linterna Frontal 100 Lm con 2 Pilas AAA 1 U",
    "category": "Electricidad, pilas y bombillas",
    "url": "https://tienda.consum.es/es/p/linterna-frontal-100-lm-con-2-pilas-aaa/7412724",
    "price": 15.95,
    "reference_price": 15.95,
    "iva": 21,
    "reference_unit": "1 U",
    "date": "2023-01-17"
  },
  {
    "id": 30929,
    "name": "Lubricante Íntimo Fruta De La Pasión HAPPYSEX",
    "description": "Lubricante Íntimo Fruta De La Pasión 100 ml",
    "category": "Preservativos",
    "url": "https://tienda.consum.es/es/p/lubricante-intimo-fruta-de-la-pasion/7412737",
    "price": 6.99,
    "reference_price": 6.99,
    "iva": 21,
    "reference_unit": "100 ml",
    "date": "2023-01-17"
  },
  {
    "id": 30930,
    "name": "Lubricante Íntimo Aloe Vera HAPPYSEX",
    "description": "Lubricante Íntimo Aloe Vera 100 ml",
    "category": "Preservativos",
    "url": "https://tienda.consum.es/es/p/lubricante-intimo-aloe-vera/7412740",
    "price": 6.99,
    "reference_price": 6.99,
    "iva": 21,
    "reference_unit": "100 ml",
    "date": "2023-01-17"
  },
  {
    "id": 30931,
    "name": "Preservativos Sensitive HAPPYSEX",
    "description": "Preservativos Sensitive 6 U",
    "category": "Preservativos",
    "url": "https://tienda.consum.es/es/p/preservativos-sensitive/7412752",
    "price": 1.89,
    "reference_price": 0.32,
    "iva": 4,
    "reference_unit": "1 U",
    "date": "2023-01-17"
  },
  {
    "id": 30932,
    "name": "Preservativos Estimulantes HAPPYSEX",
    "description": "Preservativos Estimulantes 12 U",
    "category": "Preservativos",
    "url": "https://tienda.consum.es/es/p/preservativos-estimulantes/7412757",
    "price": 3.31,
    "reference_price": 0.28,
    "iva": 4,
    "reference_unit": "1 U",
    "date": "2023-01-17"
  },
  {
    "id": 30933,
    "name": "Comprimidos Mujer MULTICENTRUM",
    "description": "Comprimidos Mujer 30 U",
    "category": "Fitoterapia",
    "url": "https://tienda.consum.es/es/p/comprimidos-mujer/7412872",
    "price": 11.9,
    "reference_price": 0.4,
    "iva": 10,
    "reference_unit": "1 U",
    "date": "2023-01-17"
  },
  {
    "id": 30934,
    "name": "Comprimidos Adulto MULTICENTRUM",
    "description": "Comprimidos Adulto 30 U",
    "category": "Fitoterapia",
    "url": "https://tienda.consum.es/es/p/comprimidos-adulto/7412877",
    "price": 11.5,
    "reference_price": 0.38,
    "iva": 10,
    "reference_unit": "1 U",
    "date": "2023-01-17"
  },
  {
    "id": 30935,
    "name": "Rústicas Artesanas ",
    "description": "Rústicas Artesanas 125 Gr",
    "category": "Rosquilletas, picos y snacks",
    "url": "https://tienda.consum.es/es/p/rusticas-artesanas/7412906",
    "price": 2.29,
    "reference_price": 18.32,
    "iva": 10,
    "reference_unit": "1 Kg",
    "date": "2023-01-17"
  },
  {
    "id": 30939,
    "name": "Salvaslip Maxi KYREY",
    "description": "Salvaslip Maxi 60 U",
    "category": "Compresas y protegeslips",
    "url": "https://tienda.consum.es/es/p/salvaslip-maxi/7356751",
    "price": 2.6,
    "reference_price": 0.04,
    "iva": 4,
    "reference_unit": "1 U",
    "date": "2023-01-17"
  },
  {
    "id": 30941,
    "name": "Compresas Ultra Dry Súper Con Alas KYREY",
    "description": "Compresas Ultra Dry Súper Con Alas 12 U",
    "category": "Compresas y protegeslips",
    "url": "https://tienda.consum.es/es/p/compresas-ultra-dry-super-con-alas/7388031",
    "price": 1.18,
    "reference_price": 0.1,
    "iva": 4,
    "reference_unit": "1 U",
    "date": "2023-01-17"
  },
  {
    "id": 30943,
    "name": "Limpia Hornos CONSUM",
    "description": "Limpia Hornos 0,3 L",
    "category": "Otros limpiadores específicos",
    "url": "https://tienda.consum.es/es/p/limpia-hornos/7396604",
    "price": 1.3,
    "reference_price": 4.33,
    "iva": 21,
    "reference_unit": "1 L",
    "date": "2023-01-17"
  },
  {
    "id": 30948,
    "name": "Detergente Sensaciones Líquido ARIEL",
    "description": "Detergente Sensaciones Líquido 40 Lv",
    "category": "A máquina líquido",
    "url": "https://tienda.consum.es/es/p/detergente-sensaciones-liquido/7411601",
    "price": 16.99,
    "reference_price": 0.42,
    "iva": 21,
    "reference_unit": "1 Lv",
    "date": "2023-01-17"
  },
  {
    "id": 30955,
    "name": "Zumo Piña Uva Ecológico VALFRUTTA",
    "description": "Zumo Piña Uva Ecológico 1 L",
    "category": "Zumos y néctares no refrigerados",
    "url": "https://tienda.consum.es/es/p/zumo-pina-uva-ecologico/7412971",
    "price": 2.99,
    "reference_price": 2.99,
    "iva": 10,
    "reference_unit": "1 L",
    "date": "2023-01-17"
  },
  {
    "id": 30956,
    "name": "Palitos 100% Integral SNATT'S",
    "description": "Palitos 100% Integral 55 Gr",
    "category": "Rosquilletas, picos y snacks",
    "url": "https://tienda.consum.es/es/p/palitos-100-integral/7412976",
    "price": 1.19,
    "reference_price": 21.64,
    "iva": 10,
    "reference_unit": "1 Kg",
    "date": "2023-01-17"
  },
  {
    "id": 30957,
    "name": "Palitos Con Queso SNATT'S",
    "description": "Palitos Con Queso 55 Gr",
    "category": "Rosquilletas, picos y snacks",
    "url": "https://tienda.consum.es/es/p/palitos-con-queso/7412984",
    "price": 1.19,
    "reference_price": 21.64,
    "iva": 10,
    "reference_unit": "1 Kg",
    "date": "2023-01-17"
  },
  {
    "id": 30958,
    "name": "Gintonic Botella WHITE",
    "description": "Gintonic Botella 0,33 L",
    "category": "Licores y vermouth",
    "url": "https://tienda.consum.es/es/p/gintonic-botella/7413060",
    "price": 1.59,
    "reference_price": 4.82,
    "iva": 21,
    "reference_unit": "1 L",
    "date": "2023-01-17"
  },
  {
    "id": 30959,
    "name": "Lentejas Paquete RUEDA",
    "description": "Lentejas Paquete 1 Kg",
    "category": "Legumbres secas",
    "url": "https://tienda.consum.es/es/p/lentejas-paquete/7413123",
    "price": 1.54,
    "reference_price": 1.54,
    "iva": 0,
    "reference_unit": "1 Kg",
    "date": "2023-01-17"
  },
  {
    "id": 30960,
    "name": "Fresón Bandeja ",
    "description": "Fresón Bandeja 450 Gr",
    "category": "Fruta de temporada",
    "url": "https://tienda.consum.es/es/p/freson-bandeja/7413156",
    "price": 3.35,
    "reference_price": 7.44,
    "iva": 0,
    "reference_unit": "1 Kg",
    "date": "2023-01-17"
  },
  {
    "id": 30961,
    "name": "Protege Slip Adaptable KYREY",
    "description": "Protege Slip Adaptable 30 U",
    "category": "Compresas y protegeslips",
    "url": "https://tienda.consum.es/es/p/protege-slip-adaptable/7356764",
    "price": 1.37,
    "reference_price": 0.05,
    "iva": 4,
    "reference_unit": "1 U",
    "date": "2023-01-17"
  },
  {
    "id": 30962,
    "name": "Gel De Baño Classic MAGNO",
    "description": "Gel De Baño Classic 550 ml",
    "category": "Gel de baño",
    "url": "https://tienda.consum.es/es/p/gel-de-bano-classic/7408537",
    "price": 3.4,
    "reference_price": 0.62,
    "iva": 21,
    "reference_unit": "100 ml",
    "date": "2023-01-17"
  },
  {
    "id": 30963,
    "name": "Gel Fresas Y Jazmín VITARELLE",
    "description": "Gel Fresas Y Jazmín 750 ml",
    "category": "Gel de baño",
    "url": "https://tienda.consum.es/es/p/gel-fresas-y-jazmin/7411804",
    "price": 2.39,
    "reference_price": 0.32,
    "iva": 21,
    "reference_unit": "100 ml",
    "date": "2023-01-17"
  },
  {
    "id": 30964,
    "name": "Gel Lima Y Menta VITARELLE",
    "description": "Gel Lima Y Menta 750 ml",
    "category": "Gel de baño",
    "url": "https://tienda.consum.es/es/p/gel-lima-y-menta/7411809",
    "price": 2.39,
    "reference_price": 0.32,
    "iva": 21,
    "reference_unit": "100 ml",
    "date": "2023-01-17"
  },
  {
    "id": 30965,
    "name": "Gel Mango Y Canela VITARELLE",
    "description": "Gel Mango Y Canela 750 ml",
    "category": "Gel de baño",
    "url": "https://tienda.consum.es/es/p/gel-mango-y-canela/7411812",
    "price": 2.39,
    "reference_price": 0.32,
    "iva": 21,
    "reference_unit": "100 ml",
    "date": "2023-01-17"
  },
  {
    "id": 30966,
    "name": "Gel Arándano Y Lavanda VITARELLE",
    "description": "Gel Arándano Y Lavanda 750 ml",
    "category": "Gel de baño",
    "url": "https://tienda.consum.es/es/p/gel-arandano-y-lavanda/7411817",
    "price": 2.39,
    "reference_price": 0.32,
    "iva": 21,
    "reference_unit": "100 ml",
    "date": "2023-01-17"
  },
  {
    "id": 30967,
    "name": "Kombucha Dragon Lemonade FLAX & KALE",
    "description": "Kombucha Dragon Lemonade 250 ml",
    "category": "Refrescos sin gas",
    "url": "https://tienda.consum.es/es/p/kombucha-dragon-lemonade/7412211",
    "price": 2.19,
    "reference_price": 8.76,
    "iva": 21,
    "reference_unit": "1 L",
    "date": "2023-01-17"
  },
  {
    "id": 30968,
    "name": "Kombucha Blue Mojito FLAX & KALE",
    "description": "Kombucha Blue Mojito 250 ml",
    "category": "Refrescos sin gas",
    "url": "https://tienda.consum.es/es/p/kombucha-blue-mojito/7412216",
    "price": 2.19,
    "reference_price": 8.76,
    "iva": 21,
    "reference_unit": "1 L",
    "date": "2023-01-17"
  },
  {
    "id": 30969,
    "name": "Rallado Crujiente ESGIR",
    "description": "Rallado Crujiente 400 Gr",
    "category": "Pan rallado",
    "url": "https://tienda.consum.es/es/p/rallado-crujiente/7412901",
    "price": 1.7,
    "reference_price": 4.25,
    "iva": 10,
    "reference_unit": "1 Kg",
    "date": "2023-01-17"
  },
  {
    "id": 30970,
    "name": "Alubias Rojas Paquete DON PEDRO",
    "description": "Alubias Rojas Paquete 500 Gr",
    "category": "Legumbres secas",
    "url": "https://tienda.consum.es/es/p/alubias-rojas-paquete/7412914",
    "price": 1.91,
    "reference_price": 3.82,
    "iva": 0,
    "reference_unit": "1 Kg",
    "date": "2023-01-17"
  },
  {
    "id": 30971,
    "name": "Lenteja Pardina Paquete DON PEDRO",
    "description": "Lenteja Pardina Paquete 500 Gr",
    "category": "Legumbres secas",
    "url": "https://tienda.consum.es/es/p/lenteja-pardina-paquete/7412922",
    "price": 1.78,
    "reference_price": 3.56,
    "iva": 0,
    "reference_unit": "1 Kg",
    "date": "2023-01-17"
  },
  {
    "id": 30972,
    "name": "Leche Desnatada Brik LA VAQUERA",
    "description": "Leche Desnatada Brik 1 L",
    "category": "Desnatada",
    "url": "https://tienda.consum.es/es/p/leche-desnatada-brik/7412997",
    "price": 0.95,
    "reference_price": 0.95,
    "iva": 0,
    "reference_unit": "1 L",
    "date": "2023-01-17"
  },
  {
    "id": 30973,
    "name": "Leche Entera Brik LA VAQUERA",
    "description": "Leche Entera Brik 1 L",
    "category": "Entera",
    "url": "https://tienda.consum.es/es/p/leche-entera-brik/7413003",
    "price": 0.95,
    "reference_price": 0.95,
    "iva": 0,
    "reference_unit": "1 L",
    "date": "2023-01-17"
  },
  {
    "id": 30974,
    "name": "Leche Semidesnatada Brik LA VAQUERA",
    "description": "Leche Semidesnatada Brik 1 L",
    "category": "Semidesnatada",
    "url": "https://tienda.consum.es/es/p/leche-semidesnatada-brik/7413011",
    "price": 0.95,
    "reference_price": 0.95,
    "iva": 0,
    "reference_unit": "1 L",
    "date": "2023-01-17"
  },
  {
    "id": 30977,
    "name": "Croissant con Semillas 1,85% 1 Unidad ",
    "description": "Croissant con Semillas 1,85% 1 Unidad 70 Gr",
    "category": "Croissants y ensaimadas",
    "url": "https://tienda.consum.es/es/p/croissant-con-semillas-185-1-unidad/7413094",
    "price": 0.99,
    "reference_price": 14.14,
    "iva": 10,
    "reference_unit": "1 Kg",
    "date": "2023-01-17"
  },
  {
    "id": 30982,
    "name": "Coliflor Cocida Frasco ALSUR",
    "description": "Coliflor Cocida Frasco 360 Gr",
    "category": "Conservas, aceites y condimentos",
    "url": "https://tienda.consum.es/es/p/coliflor-cocida-frasco/7413164",
    "price": 1.55,
    "reference_price": 4.31,
    "iva": 10,
    "reference_unit": "1 Kg",
    "date": "2023-01-17"
  },
  {
    "id": 30985,
    "name": "Dentífrico Menta Fresca Gel 2 En 1 LICOR POLO",
    "description": "Dentífrico Menta Fresca Gel 2 En 1 75 ml",
    "category": "Dentífricos",
    "url": "https://tienda.consum.es/es/p/dentifrico-menta-fresca-gel-2-en-1/7413222",
    "price": 2.1,
    "reference_price": 2.8,
    "iva": 21,
    "reference_unit": "100 ml",
    "date": "2023-01-17"
  },
  {
    "id": 30986,
    "name": "Cubo 25L con Tapa Colores Surtidos ECOBIN",
    "description": "Cubo 25L con Tapa Colores Surtidos 1 U",
    "category": "Cubos y barreños",
    "url": "https://tienda.consum.es/es/p/cubo-25l-con-tapa-colores-surtidos/7413297",
    "price": 13.9,
    "reference_price": 13.9,
    "iva": 21,
    "reference_unit": "1 U",
    "date": "2023-01-17"
  },
  {
    "id": 30987,
    "name": "Caldo Pollo Más 1 Regalo GALLO",
    "description": "Caldo Pollo Más 1 Regalo 2 x 1 L",
    "category": "Caldos y sopas",
    "url": "https://tienda.consum.es/es/p/caldo-pollo-mas-1-regalo/7412559",
    "price": 2.99,
    "reference_price": 1.5,
    "iva": 10,
    "reference_unit": "1 L",
    "date": "2023-01-17"
  },
  {
    "id": 30988,
    "name": "Caldo Natural Cocido Más 1 Regalo GALLO",
    "description": "Caldo Natural Cocido Más 1 Regalo 2 x 1 L",
    "category": "Caldos y sopas",
    "url": "https://tienda.consum.es/es/p/caldo-natural-cocido-mas-1-regalo/7412567",
    "price": 2.99,
    "reference_price": 1.5,
    "iva": 10,
    "reference_unit": "1 L",
    "date": "2023-01-17"
  },
  {
    "id": 30989,
    "name": "Caldo Pollo con Jamón Ibérico más 1 Regalo GALLO",
    "description": "Caldo Pollo con Jamón Ibérico más 1 Regalo 2 x 1 L",
    "category": "Caldos y sopas",
    "url": "https://tienda.consum.es/es/p/caldo-pollo-con-jamon-iberico-mas-1-regalo/7412575",
    "price": 2.99,
    "reference_price": 1.5,
    "iva": 10,
    "reference_unit": "1 L",
    "date": "2023-01-17"
  },
  {
    "id": 30991,
    "name": "Espuma De Afeitar Pieles Normales KYREY MEN",
    "description": "Espuma De Afeitar Pieles Normales 300 ml",
    "category": "Espuma de afeitar",
    "url": "https://tienda.consum.es/es/p/espuma-de-afeitar-pieles-normales/7392764",
    "price": 1.4,
    "reference_price": 0.47,
    "iva": 21,
    "reference_unit": "100 ml",
    "date": "2023-01-17"
  },
  {
    "id": 30992,
    "name": "Gel Afeitar Pieles Sensibles KYREY MEN",
    "description": "Gel Afeitar Pieles Sensibles 200 ml",
    "category": "Gel y jabón de afeitado",
    "url": "https://tienda.consum.es/es/p/gel-afeitar-pieles-sensibles/7392769",
    "price": 1.6,
    "reference_price": 0.8,
    "iva": 21,
    "reference_unit": "100 ml",
    "date": "2023-01-17"
  },
  {
    "id": 30993,
    "name": "Lavavajillas Máquina Platinum Plus XL FAIRY",
    "description": "Lavavajillas Máquina Platinum Plus XL 34 Do",
    "category": "Lavavajillas a máquina",
    "url": "https://tienda.consum.es/es/p/lavavajillas-maquina-platinum-plus-xl/7407794",
    "price": 15.99,
    "reference_price": 0.47,
    "iva": 21,
    "reference_unit": "1 Do",
    "date": "2023-01-17"
  },
  {
    "id": 30995,
    "name": "Tonica Toque Lima Botellin SCHWEPPES",
    "description": "Tonica Toque Lima Botellin 0,2 L",
    "category": "Tónica",
    "url": "https://tienda.consum.es/es/p/tonica-toque-lima-botellin/7411593",
    "price": 1.69,
    "reference_price": 8.45,
    "iva": 21,
    "reference_unit": "1 L",
    "date": "2023-01-17"
  },
  {
    "id": 30996,
    "name": "Detergente Extra Poder Quitamanchas Líquido ARIEL",
    "description": "Detergente Extra Poder Quitamanchas Líquido 40 Lv",
    "category": "A máquina líquido",
    "url": "https://tienda.consum.es/es/p/detergente-extra-poder-quitamanchas-liquido/7411606",
    "price": 16.99,
    "reference_price": 0.42,
    "iva": 21,
    "reference_unit": "1 Lv",
    "date": "2023-01-17"
  },
  {
    "id": 30997,
    "name": "Vino Tinto Crianza D.O. Rioja ANTAÑO",
    "description": "Vino Tinto Crianza D.O. Rioja 0,75 L",
    "category": "Vinos d.o",
    "url": "https://tienda.consum.es/es/p/vino-tinto-crianza-do-rioja/7412112",
    "price": 3.75,
    "reference_price": 5,
    "iva": 21,
    "reference_unit": "1 L",
    "date": "2023-01-17"
  },
  {
    "id": 30998,
    "name": "Detergente Active ARIEL",
    "description": "Detergente Active 40 Lv",
    "category": "Máquina pastilla",
    "url": "https://tienda.consum.es/es/p/detergente-active/7412307",
    "price": 14.99,
    "reference_price": 0.37,
    "iva": 21,
    "reference_unit": "1 Lv",
    "date": "2023-01-17"
  },
  {
    "id": 30999,
    "name": "Detergente Original ARIEL",
    "description": "Detergente Original 45 Lv",
    "category": "Máquina pastilla",
    "url": "https://tienda.consum.es/es/p/detergente-original/7412310",
    "price": 14.99,
    "reference_price": 0.33,
    "iva": 21,
    "reference_unit": "1 Lv",
    "date": "2023-01-17"
  },
  {
    "id": 31000,
    "name": "Refresco Limon Botella REVOLTOSA",
    "description": "Refresco Limon Botella 2 L",
    "category": "Limón y lima-limón",
    "url": "https://tienda.consum.es/es/p/refresco-limon-botella/7412331",
    "price": 0.65,
    "reference_price": 0.33,
    "iva": 21,
    "reference_unit": "1 L",
    "date": "2023-01-17"
  },
  {
    "id": 31001,
    "name": "Refresco Naranja Botella REVOLTOSA",
    "description": "Refresco Naranja Botella 2 L",
    "category": "Naranja",
    "url": "https://tienda.consum.es/es/p/refresco-naranja-botella/7412336",
    "price": 0.65,
    "reference_price": 0.33,
    "iva": 21,
    "reference_unit": "1 L",
    "date": "2023-01-17"
  },
  {
    "id": 31002,
    "name": "Refresco Cola Botella REVOLTOSA",
    "description": "Refresco Cola Botella 2 L",
    "category": "Cola",
    "url": "https://tienda.consum.es/es/p/refresco-cola-botella/7412344",
    "price": 0.65,
    "reference_price": 0.33,
    "iva": 21,
    "reference_unit": "1 L",
    "date": "2023-01-17"
  },
  {
    "id": 31003,
    "name": "Refresco Cola Zero Botella REVOLTOSA",
    "description": "Refresco Cola Zero Botella 2 L",
    "category": "Cola",
    "url": "https://tienda.consum.es/es/p/refresco-cola-zero-botella/7412351",
    "price": 0.65,
    "reference_price": 0.33,
    "iva": 21,
    "reference_unit": "1 L",
    "date": "2023-01-17"
  },
  {
    "id": 31005,
    "name": "Compango Asturiano EL HORREO",
    "description": "Compango Asturiano 250 Gr",
    "category": "Embutido",
    "url": "https://tienda.consum.es/es/p/compango-asturiano/7412851",
    "price": 2.65,
    "reference_price": 10.6,
    "iva": 10,
    "reference_unit": "1 Kg",
    "date": "2023-01-17"
  },
  {
    "id": 31009,
    "name": "Atún Claro al Natural Proteina Natural FRINSA",
    "description": "Atún Claro al Natural Proteina Natural 120 Gr",
    "category": "Otras conservas pescado",
    "url": "https://tienda.consum.es/es/p/atun-claro-al-natural-proteina-natural/7413144",
    "price": 2.95,
    "reference_price": 24.58,
    "iva": 10,
    "reference_unit": "1 Kg",
    "date": "2023-01-17"
  },
  {
    "id": 31010,
    "name": "Merluza del Cabo Natural Proteina Natural FRINSA",
    "description": "Merluza del Cabo Natural Proteina Natural 120 Gr",
    "category": "Otras conservas pescado",
    "url": "https://tienda.consum.es/es/p/merluza-del-cabo-natural-proteina-natural/7413149",
    "price": 2.95,
    "reference_price": 24.58,
    "iva": 10,
    "reference_unit": "1 Kg",
    "date": "2023-01-17"
  },
  {
    "id": 31012,
    "name": "Spray Bucal Propóleo NATURTIERRA",
    "description": "Spray Bucal Propóleo 20 ml",
    "category": "Fitoterapia",
    "url": "https://tienda.consum.es/es/p/spray-bucal-propoleo/7413219",
    "price": 3.5,
    "reference_price": 17.5,
    "iva": 10,
    "reference_unit": "100 ml",
    "date": "2023-01-17"
  },
  {
    "id": 31013,
    "name": "Fregasuelos Ph Neutro ASEVI",
    "description": "Fregasuelos Ph Neutro 0,95 L",
    "category": "Fregasuelos",
    "url": "https://tienda.consum.es/es/p/fregasuelos-ph-neutro/7413854",
    "price": 2.09,
    "reference_price": 2.2,
    "iva": 21,
    "reference_unit": "1 L",
    "date": "2023-01-17"
  },
  {
    "id": 31015,
    "name": "Contorno De Ojos KYREY MEN",
    "description": "Contorno De Ojos 15 ml",
    "category": "Masculino",
    "url": "https://tienda.consum.es/es/p/contorno-de-ojos/7392343",
    "price": 3.49,
    "reference_price": 23.27,
    "iva": 21,
    "reference_unit": "100 ml",
    "date": "2023-01-17"
  },
  {
    "id": 31016,
    "name": "Gel Exfoliante Facial KYREY MEN",
    "description": "Gel Exfoliante Facial 100 ml",
    "category": "Masculino",
    "url": "https://tienda.consum.es/es/p/gel-exfoliante-facial/7392348",
    "price": 1.95,
    "reference_price": 1.95,
    "iva": 21,
    "reference_unit": "100 ml",
    "date": "2023-01-17"
  },
  {
    "id": 31017,
    "name": "Paté de Hígado de Cerdo Pack de 3 Latas XL LA PIARA",
    "description": "Paté de Hígado de Cerdo Pack de 3 Latas XL 3 x 115 Gr",
    "category": "Patés y untables",
    "url": "https://tienda.consum.es/es/p/pate-de-higado-de-cerdo-pack-de-3-latas-xl/7404085",
    "price": 3.19,
    "reference_price": 9.25,
    "iva": 10,
    "reference_unit": "1 Kg",
    "date": "2023-01-17"
  },
  {
    "id": 31018,
    "name": "After Shave Bálsamo KYREY MEN",
    "description": "After Shave Bálsamo 100 ml",
    "category": "Después afeitado",
    "url": "https://tienda.consum.es/es/p/after-shave-balsamo/7406791",
    "price": 1.95,
    "reference_price": 1.95,
    "iva": 21,
    "reference_unit": "100 ml",
    "date": "2023-01-17"
  },
  {
    "id": 31019,
    "name": "Detergente 3 en 1 Color Cápsulas ARIEL",
    "description": "Detergente 3 en 1 Color Cápsulas 19 Lv",
    "category": "Cuidado ropa",
    "url": "https://tienda.consum.es/es/p/detergente-3-en-1-color-capsulas/7409688",
    "price": 11.89,
    "reference_price": 0.63,
    "iva": 21,
    "reference_unit": "1 Lv",
    "date": "2023-01-17"
  },
  {
    "id": 31020,
    "name": "Detergente Sensaciones Cápsulas ARIEL",
    "description": "Detergente Sensaciones Cápsulas 12 Lv",
    "category": "Máquina pastilla",
    "url": "https://tienda.consum.es/es/p/detergente-sensaciones-capsulas/7409691",
    "price": 6.79,
    "reference_price": 0.57,
    "iva": 21,
    "reference_unit": "1 Lv",
    "date": "2023-01-17"
  },
  {
    "id": 31021,
    "name": "Detergente 3 en 1 Sensaciones Cápsulas ARIEL",
    "description": "Detergente 3 en 1 Sensaciones Cápsulas 19 Lv",
    "category": "Máquina pastilla",
    "url": "https://tienda.consum.es/es/p/detergente-3-en-1-sensaciones-capsulas/7411572",
    "price": 11.89,
    "reference_price": 0.63,
    "iva": 21,
    "reference_unit": "1 Lv",
    "date": "2023-01-17"
  },
  {
    "id": 31022,
    "name": "Ketchup Original Bolsitas PRIMA",
    "description": "Ketchup Original Bolsitas 12 x 10 Gr",
    "category": "Conservas, aceites y condimentos",
    "url": "https://tienda.consum.es/es/p/ketchup-original-bolsitas/7412034",
    "price": 1.99,
    "reference_price": 16.58,
    "iva": 10,
    "reference_unit": "1 Kg",
    "date": "2023-01-17"
  },
  {
    "id": 31029,
    "name": "Magnum Double Sunlover FRIGO",
    "description": "Magnum Double Sunlover 255 ml",
    "category": "Bombones",
    "url": "https://tienda.consum.es/es/p/magnum-double-sunlover/7412948",
    "price": 4.29,
    "reference_price": 16.82,
    "iva": 10,
    "reference_unit": "1 L",
    "date": "2023-01-17"
  },
  {
    "id": 31030,
    "name": "Magnum Double Starchaser FRIGO",
    "description": "Magnum Double Starchaser 225 ml",
    "category": "Bombones",
    "url": "https://tienda.consum.es/es/p/magnum-double-starchaser/7412950",
    "price": 4.29,
    "reference_price": 19.07,
    "iva": 10,
    "reference_unit": "1 L",
    "date": "2023-01-17"
  },
  {
    "id": 31038,
    "name": "Kebab de Pollo con dos salsas ALDELIS",
    "description": "Kebab de Pollo con dos salsas 334 Gr",
    "category": "Otros elaborados",
    "url": "https://tienda.consum.es/es/p/kebab-de-pollo-con-dos-salsas/7413909",
    "price": 3.55,
    "reference_price": 10.63,
    "iva": 10,
    "reference_unit": "1 Kg",
    "date": "2023-01-17"
  },
  {
    "id": 31039,
    "name": "Picos Integrales MENDEZ",
    "description": "Picos Integrales 230 Gr",
    "category": "Rosquilletas, picos y snacks",
    "url": "https://tienda.consum.es/es/p/picos-integrales/7413917",
    "price": 0.65,
    "reference_price": 2.83,
    "iva": 10,
    "reference_unit": "1 Kg",
    "date": "2023-01-17"
  },
  {
    "id": 31040,
    "name": "Cottage Natural 0% Materia Grasa MARGUI",
    "description": "Cottage Natural 0% Materia Grasa 200 Gr",
    "category": "Frescos y para ensaladas",
    "url": "https://tienda.consum.es/es/p/cottage-natural-0-materia-grasa/7413953",
    "price": 1.3,
    "reference_price": 6.5,
    "iva": 0,
    "reference_unit": "1 Kg",
    "date": "2023-01-17"
  },
  {
    "id": 5994,
    "name": "Garbanzos Tostados Bolsa CONSUM",
    "description": "Garbanzos Tostados Bolsa 125 Gr",
    "category": "Otros frutos secos",
    "url": "https://tienda.consum.es/es/p/garbanzos-tostados-bolsa/7087187",
    "price": 0.99,
    "reference_price": 7.92,
    "iva": 10,
    "reference_unit": "1 Kg",
    "date": "2023-01-17"
  },
  {
    "id": 5996,
    "name": "Anacardos Fritos Doypack CONSUM",
    "description": "Anacardos Fritos Doypack 200 Gr",
    "category": "Otros frutos secos",
    "url": "https://tienda.consum.es/es/p/anacardos-fritos-doypack/7087203",
    "price": 2.3,
    "reference_price": 11.5,
    "iva": 10,
    "reference_unit": "1 Kg",
    "date": "2023-01-17"
  },
  {
    "id": 5997,
    "name": "Avellanas Tostadas Bolsa CONSUM",
    "description": "Avellanas Tostadas Bolsa 200 Gr",
    "category": "Otros frutos secos",
    "url": "https://tienda.consum.es/es/p/avellanas-tostadas-bolsa/7087211",
    "price": 3.19,
    "reference_price": 15.95,
    "iva": 10,
    "reference_unit": "1 Kg",
    "date": "2023-01-17"
  },
  {
    "id": 5999,
    "name": "Activia Natural Azucarado Pack de 4 ud. DANONE",
    "description": "Activia Natural Azucarado Pack de 4 ud. 4 x 120 Gr",
    "category": "Bífidus",
    "url": "https://tienda.consum.es/es/p/activia-natural-azucarado-pack-de-4-ud/7087448",
    "price": 2.69,
    "reference_price": 5.6,
    "iva": 10,
    "reference_unit": "1 Kg",
    "date": "2023-01-17"
  },
  {
    "id": 6001,
    "name": "Tinte Nº525 Marrón Chocolate LLONGUERAS",
    "description": "Tinte Nº525 Marrón Chocolate 1 U",
    "category": "Coloración",
    "url": "https://tienda.consum.es/es/p/tinte-n525-marron-chocolate/7087802",
    "price": 6.59,
    "reference_price": 6.59,
    "iva": 21,
    "reference_unit": "1 U",
    "date": "2023-01-17"
  },
  {
    "id": 6004,
    "name": "Vino Tinto Crianza D.O.Valdepeñas VIÑA ALBALI",
    "description": "Vino Tinto Crianza D.O.Valdepeñas 0,75 L",
    "category": "Vinos d.o",
    "url": "https://tienda.consum.es/es/p/vino-tinto-crianza-dovaldepenas/7088289",
    "price": 3.15,
    "reference_price": 4.2,
    "iva": 21,
    "reference_unit": "1 L",
    "date": "2023-01-17"
  },
  {
    "id": 6005,
    "name": "Aperitivo de Maíz Gustosines Sal Bolsa CHEETOS",
    "description": "Aperitivo de Maíz Gustosines Sal Bolsa 96 Gr",
    "category": "Snacks y otros aperitivos",
    "url": "https://tienda.consum.es/es/p/aperitivo-de-maiz-gustosines-sal-bolsa/7088813",
    "price": 1.79,
    "reference_price": 18.65,
    "iva": 10,
    "reference_unit": "1 Kg",
    "date": "2023-01-17"
  },
  {
    "id": 6007,
    "name": "Alcachofas 16/20 Piezas Frasco PELLI",
    "description": "Alcachofas 16/20 Piezas Frasco 165 Gr",
    "category": "Alcachofa",
    "url": "https://tienda.consum.es/es/p/alcachofas-16/20-piezas-frasco/7088859",
    "price": 2.85,
    "reference_price": 17.27,
    "iva": 10,
    "reference_unit": "1 Kg",
    "date": "2023-01-17"
  },
  {
    "id": 6008,
    "name": "Copos de Arroz y Trigo con Chocolate CONSUM",
    "description": "Copos de Arroz y Trigo con Chocolate 300 Gr",
    "category": "Cereales",
    "url": "https://tienda.consum.es/es/p/copos-de-arroz-y-trigo-con-chocolate/7089170",
    "price": 1.3,
    "reference_price": 4.33,
    "iva": 10,
    "reference_unit": "1 Kg",
    "date": "2023-01-17"
  },
  {
    "id": 6013,
    "name": "Cerveza Especial Lata ADLERBRAU",
    "description": "Cerveza Especial Lata 0,33 L",
    "category": "Nacional lata",
    "url": "https://tienda.consum.es/es/p/cerveza-especial-lata/7089600",
    "price": 0.37,
    "reference_price": 1.12,
    "iva": 21,
    "reference_unit": "1 L",
    "date": "2023-01-17"
  },
  {
    "id": 6014,
    "name": "Jamón Cocido Grand Bouquet NOEL",
    "description": "Jamón Cocido Grand Bouquet 140 Gr",
    "category": "Jamón cocido - york",
    "url": "https://tienda.consum.es/es/p/jamon-cocido-grand-bouquet/7090038",
    "price": 1.75,
    "reference_price": 12.5,
    "iva": 10,
    "reference_unit": "1 Kg",
    "date": "2023-01-17"
  },
  {
    "id": 6015,
    "name": "Gourmet Queso Cabra y Cebolla RANA",
    "description": "Gourmet Queso Cabra y Cebolla 250 Gr",
    "category": "Pasta fresca",
    "url": "https://tienda.consum.es/es/p/gourmet-queso-cabra-y-cebolla/7090145",
    "price": 4.06,
    "reference_price": 16.24,
    "iva": 5,
    "reference_unit": "1 Kg",
    "date": "2023-01-17"
  },
  {
    "id": 6016,
    "name": "Café Descafeinado Molido VALIENTE",
    "description": "Café Descafeinado Molido 250 Gr",
    "category": "Café Molido descafeinado",
    "url": "https://tienda.consum.es/es/p/cafe-descafeinado-molido/7090272",
    "price": 2.95,
    "reference_price": 11.8,
    "iva": 10,
    "reference_unit": "1 Kg",
    "date": "2023-01-17"
  },
  {
    "id": 6017,
    "name": "Café Molido Mezcla VALIENTE",
    "description": "Café Molido Mezcla 250 Gr",
    "category": "Café Molido mezcla",
    "url": "https://tienda.consum.es/es/p/cafe-molido-mezcla/7090277",
    "price": 2.29,
    "reference_price": 9.16,
    "iva": 10,
    "reference_unit": "1 Kg",
    "date": "2023-01-17"
  },
  {
    "id": 6018,
    "name": "Café Molido Natural VALIENTE",
    "description": "Café Molido Natural 250 Gr",
    "category": "Café Molido natural",
    "url": "https://tienda.consum.es/es/p/cafe-molido-natural/7090285",
    "price": 2.29,
    "reference_price": 9.16,
    "iva": 10,
    "reference_unit": "1 Kg",
    "date": "2023-01-17"
  },
  {
    "id": 6019,
    "name": "Laca Antiencrespamiento NELLY",
    "description": "Laca Antiencrespamiento 400 ml",
    "category": "Lacas",
    "url": "https://tienda.consum.es/es/p/laca-antiencrespamiento/7090905",
    "price": 3.89,
    "reference_price": 0.97,
    "iva": 21,
    "reference_unit": "100 ml",
    "date": "2023-01-17"
  },
  {
    "id": 6020,
    "name": "Lacasitos Tubo Pack de 4 LACASITOS",
    "description": "Lacasitos Tubo Pack de 4 4 x 20 Gr",
    "category": "Chocolatinas y bombones",
    "url": "https://tienda.consum.es/es/p/lacasitos-tubo-pack-de-4/7090913",
    "price": 2.39,
    "reference_price": 29.88,
    "iva": 10,
    "reference_unit": "1 Kg",
    "date": "2023-01-17"
  },
  {
    "id": 6021,
    "name": "Crema de Manos Rosa Mosqueta NELLY",
    "description": "Crema de Manos Rosa Mosqueta 100 ml",
    "category": "Cuidado manos y pies",
    "url": "https://tienda.consum.es/es/p/crema-de-manos-rosa-mosqueta/7090918",
    "price": 2.15,
    "reference_price": 2.15,
    "iva": 21,
    "reference_unit": "100 ml",
    "date": "2023-01-17"
  },
  {
    "id": 6024,
    "name": "Arena de Gato Ultra City Aglomerante CITY CAT",
    "description": "Arena de Gato Ultra City Aglomerante 4 Kg",
    "category": "Mascotas",
    "url": "https://tienda.consum.es/es/p/arena-de-gato-ultra-city-aglomerante/7091239",
    "price": 3.5,
    "reference_price": 0.88,
    "iva": 21,
    "reference_unit": "1 Kg",
    "date": "2023-01-17"
  },
  {
    "id": 6026,
    "name": "Enjuague Bucal Total Care LISTERINE",
    "description": "Enjuague Bucal Total Care 500 ml",
    "category": "Antisépticos y enjuagues",
    "url": "https://tienda.consum.es/es/p/enjuague-bucal-total-care/7091721",
    "price": 5.95,
    "reference_price": 1.19,
    "iva": 21,
    "reference_unit": "100 ml",
    "date": "2023-01-17"
  },
  {
    "id": 6027,
    "name": "Atún Claro Natural 0% M.G Pack de 3 CALVO",
    "description": "Atún Claro Natural 0% M.G Pack de 3 3 x 56 Gr",
    "category": "Atún y bonito",
    "url": "https://tienda.consum.es/es/p/atun-claro-natural-0-mg-pack-de-3/7091866",
    "price": 3.85,
    "reference_price": 22.92,
    "iva": 10,
    "reference_unit": "1 Kg",
    "date": "2023-01-17"
  },
  {
    "id": 6029,
    "name": "Vela de Aniversario Número 1 ROURA",
    "description": "Vela de Aniversario Número 1 1 U",
    "category": "Repostería para preparar",
    "url": "https://tienda.consum.es/es/p/vela-de-aniversario-numero-1/7092013",
    "price": 0.75,
    "reference_price": 0.75,
    "iva": 21,
    "reference_unit": "1 U",
    "date": "2023-01-17"
  },
  {
    "id": 6031,
    "name": "Velón Rojo Cilindro 15 x 5,7 cm ",
    "description": "Velón Rojo Cilindro 15 x 5,7 cm 1 U",
    "category": "Velas",
    "url": "https://tienda.consum.es/es/p/velon-rojo-cilindro-15-x-57-cm/7092138",
    "price": 0.95,
    "reference_price": 0.95,
    "iva": 21,
    "reference_unit": "1 U",
    "date": "2023-01-17"
  },
  {
    "id": 6032,
    "name": "Velón Blanco Cilindro 15 x 5,7 cm ",
    "description": "Velón Blanco Cilindro 15 x 5,7 cm 1 U",
    "category": "Velas",
    "url": "https://tienda.consum.es/es/p/velon-blanco-cilindro-15-x-57-cm/7092158",
    "price": 0.95,
    "reference_price": 0.95,
    "iva": 21,
    "reference_unit": "1 U",
    "date": "2023-01-17"
  },
  {
    "id": 6038,
    "name": "Bifrutas Tropical Pack de 6 BIFRUTAS",
    "description": "Bifrutas Tropical Pack de 6 6 x 200 ml",
    "category": "Zumos con leche",
    "url": "https://tienda.consum.es/es/p/bifrutas-tropical-pack-de-6/7093107",
    "price": 2.39,
    "reference_price": 1.99,
    "iva": 21,
    "reference_unit": "1 L",
    "date": "2023-01-17"
  },
  {
    "id": 6039,
    "name": "Galletas Digestive Avena con Chocolate GULLON",
    "description": "Galletas Digestive Avena con Chocolate 425 Gr",
    "category": "Galletas saludables",
    "url": "https://tienda.consum.es/es/p/galletas-digestive-avena-con-chocolate/7093177",
    "price": 2.19,
    "reference_price": 5.15,
    "iva": 10,
    "reference_unit": "1 Kg",
    "date": "2023-01-17"
  },
  {
    "id": 6047,
    "name": "Café Descafeinado Molido Mezcla CONSUM",
    "description": "Café Descafeinado Molido Mezcla 250 Gr",
    "category": "Café Molido descafeinado",
    "url": "https://tienda.consum.es/es/p/cafe-descafeinado-molido-mezcla/7093693",
    "price": 1.65,
    "reference_price": 6.6,
    "iva": 10,
    "reference_unit": "1 Kg",
    "date": "2023-01-17"
  },
  {
    "id": 6048,
    "name": "York Sándwich ELPOZO",
    "description": "York Sándwich 225 Gr",
    "category": "Jamón cocido - york",
    "url": "https://tienda.consum.es/es/p/york-sandwich/7093706",
    "price": 2.35,
    "reference_price": 10.44,
    "iva": 10,
    "reference_unit": "1 Kg",
    "date": "2023-01-17"
  },
  {
    "id": 6050,
    "name": "Higiénico Bouquet Color 4 Rollos Más 2 Gratis FOXY",
    "description": "Higiénico Bouquet Color 4 Rollos Más 2 Gratis 6 U",
    "category": "Papel higiénico",
    "url": "https://tienda.consum.es/es/p/higienico-bouquet-color-4-rollos-mas-2-gratis/7094175",
    "price": 4.25,
    "reference_price": 0.71,
    "iva": 21,
    "reference_unit": "1 U",
    "date": "2023-01-17"
  },
  {
    "id": 6053,
    "name": "Barquillos Rellenos de Chocolate CONSUM",
    "description": "Barquillos Rellenos de Chocolate 150 Gr",
    "category": "Wafer y barquillos",
    "url": "https://tienda.consum.es/es/p/barquillos-rellenos-de-chocolate/7094514",
    "price": 0.69,
    "reference_price": 4.6,
    "iva": 10,
    "reference_unit": "1 Kg",
    "date": "2023-01-17"
  },
  {
    "id": 6054,
    "name": "Barquillos Rellenos de Crema Sabor Nata CONSUM",
    "description": "Barquillos Rellenos de Crema Sabor Nata 150 Gr",
    "category": "Wafer y barquillos",
    "url": "https://tienda.consum.es/es/p/barquillos-rellenos-de-crema-sabor-nata/7094519",
    "price": 0.69,
    "reference_price": 4.6,
    "iva": 10,
    "reference_unit": "1 Kg",
    "date": "2023-01-17"
  },
  {
    "id": 6057,
    "name": "Aceitunas Gazpachas Partidas Frasco CONSUM",
    "description": "Aceitunas Gazpachas Partidas Frasco 500 Gr",
    "category": "Aceitunas con hueso",
    "url": "https://tienda.consum.es/es/p/aceitunas-gazpachas-partidas-frasco/7094840",
    "price": 2.2,
    "reference_price": 4.4,
    "iva": 10,
    "reference_unit": "1 Kg",
    "date": "2023-01-17"
  },
  {
    "id": 6058,
    "name": "Maquinilla Blue 3 Desechable Piel Sensible GILLETTE",
    "description": "Maquinilla Blue 3 Desechable Piel Sensible 4 U",
    "category": "Maquinillas de afeitar",
    "url": "https://tienda.consum.es/es/p/maquinilla-blue-3-desechable-piel-sensible/7095078",
    "price": 5.19,
    "reference_price": 1.3,
    "iva": 21,
    "reference_unit": "1 U",
    "date": "2023-01-17"
  },
  {
    "id": 6060,
    "name": "Salvaslip Maxi Pack Ahorro EVAX",
    "description": "Salvaslip Maxi Pack Ahorro 72 U",
    "category": "Compresas y protegeslips",
    "url": "https://tienda.consum.es/es/p/salvaslip-maxi-pack-ahorro/7095292",
    "price": 4.02,
    "reference_price": 0.06,
    "iva": 4,
    "reference_unit": "1 U",
    "date": "2023-01-17"
  },
  {
    "id": 6062,
    "name": "Queso Castello Piña Unidad ARLA",
    "description": "Queso Castello Piña Unidad 125 Gr",
    "category": "Brie, camembert y cremosos",
    "url": "https://tienda.consum.es/es/p/queso-castello-pina-unidad/7095404",
    "price": 2.3,
    "reference_price": 18.4,
    "iva": 0,
    "reference_unit": "1 Kg",
    "date": "2023-01-17"
  },
  {
    "id": 6063,
    "name": "Melocotón en Almíbar Pack de 3 CONSUM",
    "description": "Melocotón en Almíbar Pack de 3 3 x 115 Gr",
    "category": "Frutas en almíbar y en su jugo",
    "url": "https://tienda.consum.es/es/p/melocoton-en-almibar-pack-de-3/7095461",
    "price": 2.35,
    "reference_price": 6.81,
    "iva": 10,
    "reference_unit": "1 Kg",
    "date": "2023-01-17"
  },
  {
    "id": 6075,
    "name": "Queso Mezcla Curado Leche Pasteurizada CONSUM",
    "description": "Queso Mezcla Curado Leche Pasteurizada 310 Gr",
    "category": "Quesos Curados",
    "url": "https://tienda.consum.es/es/p/queso-mezcla-curado-leche-pasteurizada/7095602",
    "price": 3.01,
    "reference_price": 9.71,
    "iva": 0,
    "reference_unit": "1 Kg",
    "date": "2023-01-17"
  },
  {
    "id": 6077,
    "name": "Arroz Basmati CONSUM",
    "description": "Arroz Basmati 1 Kg",
    "category": "Arroz",
    "url": "https://tienda.consum.es/es/p/arroz-basmati/7095610",
    "price": 2.64,
    "reference_price": 2.64,
    "iva": 0,
    "reference_unit": "1 Kg",
    "date": "2023-01-17"
  },
  {
    "id": 6079,
    "name": "Vino Tinto Roble D.O.Ribera del Duero DEHES.VIEJAS",
    "description": "Vino Tinto Roble D.O.Ribera del Duero 0,75 L",
    "category": "Vinos d.o",
    "url": "https://tienda.consum.es/es/p/vino-tinto-roble-doribera-del-duero/7096253",
    "price": 3.2,
    "reference_price": 4.27,
    "iva": 21,
    "reference_unit": "1 L",
    "date": "2023-01-17"
  },
  {
    "id": 6081,
    "name": "Tortellinis Rellenos de Carne CONSUM",
    "description": "Tortellinis Rellenos de Carne 250 Gr",
    "category": "Pasta fresca",
    "url": "https://tienda.consum.es/es/p/tortellinis-rellenos-de-carne/7096381",
    "price": 1.72,
    "reference_price": 6.88,
    "iva": 5,
    "reference_unit": "1 Kg",
    "date": "2023-01-17"
  },
  {
    "id": 6082,
    "name": "Tortellinis Rellenos de Quesos CONSUM",
    "description": "Tortellinis Rellenos de Quesos 250 Gr",
    "category": "Pasta fresca",
    "url": "https://tienda.consum.es/es/p/tortellinis-rellenos-de-quesos/7096386",
    "price": 1.72,
    "reference_price": 6.88,
    "iva": 5,
    "reference_unit": "1 Kg",
    "date": "2023-01-17"
  },
  {
    "id": 6083,
    "name": "Tortellini Relleno Requesón y Espinacas CONSUM",
    "description": "Tortellini Relleno Requesón y Espinacas 250 Gr",
    "category": "Pasta fresca",
    "url": "https://tienda.consum.es/es/p/tortellini-relleno-requeson-y-espinacas/7096394",
    "price": 1.72,
    "reference_price": 6.88,
    "iva": 5,
    "reference_unit": "1 Kg",
    "date": "2023-01-17"
  },
  {
    "id": 6084,
    "name": "Tagliatelles al Huevo CONSUM",
    "description": "Tagliatelles al Huevo 250 Gr",
    "category": "Pasta fresca",
    "url": "https://tienda.consum.es/es/p/tagliatelles-al-huevo/7096407",
    "price": 1.19,
    "reference_price": 4.76,
    "iva": 5,
    "reference_unit": "1 Kg",
    "date": "2023-01-17"
  },
  {
    "id": 6086,
    "name": "Paleta Reserva Lonchas CONSUM",
    "description": "Paleta Reserva Lonchas 130 Gr",
    "category": "Jamón",
    "url": "https://tienda.consum.es/es/p/paleta-reserva-lonchas/7096522",
    "price": 2.29,
    "reference_price": 17.62,
    "iva": 10,
    "reference_unit": "1 Kg",
    "date": "2023-01-17"
  },
  {
    "id": 6087,
    "name": "Búlgaros de Chocolate 5 Unidades CONSUM",
    "description": "Búlgaros de Chocolate 5 Unidades 175 Gr",
    "category": "Bollería industrial",
    "url": "https://tienda.consum.es/es/p/bulgaros-de-chocolate-5-unidades/7096543",
    "price": 1.59,
    "reference_price": 9.09,
    "iva": 10,
    "reference_unit": "1 Kg",
    "date": "2023-01-17"
  },
  {
    "id": 6088,
    "name": "Limpiador Facial Pure 3 en 1 GARNIER",
    "description": "Limpiador Facial Pure 3 en 1 150 ml",
    "category": "Limpieza y desmaquilladores",
    "url": "https://tienda.consum.es/es/p/limpiador-facial-pure-3-en-1/7096597",
    "price": 4.95,
    "reference_price": 3.3,
    "iva": 21,
    "reference_unit": "100 ml",
    "date": "2023-01-17"
  },
  {
    "id": 6089,
    "name": "Acondicionador Bifásico NELLY",
    "description": "Acondicionador Bifásico 400 ml",
    "category": "Acondicionadores",
    "url": "https://tienda.consum.es/es/p/acondicionador-bifasico/7096642",
    "price": 3.99,
    "reference_price": 1,
    "iva": 21,
    "reference_unit": "100 ml",
    "date": "2023-01-17"
  },
  {
    "id": 6090,
    "name": "Tomate Natural Frasco Pack de 2 CONSUM",
    "description": "Tomate Natural Frasco Pack de 2 2 x 185 Gr",
    "category": "Tomate",
    "url": "https://tienda.consum.es/es/p/tomate-natural-frasco-pack-de-2/7096647",
    "price": 1.75,
    "reference_price": 4.73,
    "iva": 10,
    "reference_unit": "1 Kg",
    "date": "2023-01-17"
  },
  {
    "id": 6092,
    "name": "Cerveza Especial Abadía Botella GRIMBERGEN",
    "description": "Cerveza Especial Abadía Botella 0,33 L",
    "category": "Importación botella",
    "url": "https://tienda.consum.es/es/p/cerveza-especial-abadia-botella/7096824",
    "price": 1.75,
    "reference_price": 5.3,
    "iva": 21,
    "reference_unit": "1 L",
    "date": "2023-01-17"
  },
  {
    "id": 6093,
    "name": "Brocoli para Cocinar Microondas FLORETTE",
    "description": "Brocoli para Cocinar Microondas 225 Gr",
    "category": "Verduras microondas",
    "url": "https://tienda.consum.es/es/p/brocoli-para-cocinar-microondas/7096832",
    "price": 1.72,
    "reference_price": 7.64,
    "iva": 0,
    "reference_unit": "1 Kg",
    "date": "2023-01-17"
  },
  {
    "id": 6096,
    "name": "Zamburiñas Salsa Vieira Lata CONSUM",
    "description": "Zamburiñas Salsa Vieira Lata 65 Gr",
    "category": "Otras conservas pescado",
    "url": "https://tienda.consum.es/es/p/zamburinas-salsa-vieira-lata/7097285",
    "price": 2.2,
    "reference_price": 33.85,
    "iva": 10,
    "reference_unit": "1 Kg",
    "date": "2023-01-17"
  },
  {
    "id": 6100,
    "name": "Filetes de Caballa en Aceite Girasol Lata CONSUM",
    "description": "Filetes de Caballa en Aceite Girasol Lata 80 Gr",
    "category": "Caballa y melva",
    "url": "https://tienda.consum.es/es/p/filetes-de-caballa-en-aceite-girasol-lata/7098200",
    "price": 0.95,
    "reference_price": 11.88,
    "iva": 10,
    "reference_unit": "1 Kg",
    "date": "2023-01-17"
  },
  {
    "id": 6102,
    "name": "Huevos M Medianos Docena MONTERDE",
    "description": "Huevos M Medianos Docena 1 Dc",
    "category": "Huevos",
    "url": "https://tienda.consum.es/es/p/huevos-m-medianos-docena/7098382",
    "price": 2.02,
    "reference_price": 2.02,
    "iva": 0,
    "reference_unit": "1 Dc",
    "date": "2023-01-17"
  },
  {
    "id": 6103,
    "name": "Huevos L Grandes Docena MONTERDE",
    "description": "Huevos L Grandes Docena 1 Dc",
    "category": "Huevos",
    "url": "https://tienda.consum.es/es/p/huevos-l-grandes-docena/7098395",
    "price": 2.21,
    "reference_price": 2.21,
    "iva": 0,
    "reference_unit": "1 Dc",
    "date": "2023-01-17"
  },
  {
    "id": 6104,
    "name": "Huevos L Grandes 1/2 Docena MONTERDE",
    "description": "Huevos L Grandes 1/2 Docena 0,5 Dc",
    "category": "Huevos",
    "url": "https://tienda.consum.es/es/p/huevos-l-grandes-1/2-docena/7098411",
    "price": 1.25,
    "reference_price": 2.5,
    "iva": 0,
    "reference_unit": "1 Dc",
    "date": "2023-01-17"
  },
  {
    "id": 6108,
    "name": "Zumo de Limón Exprimido SOLIMON",
    "description": "Zumo de Limón Exprimido 280 ml",
    "category": "Otros aceites",
    "url": "https://tienda.consum.es/es/p/zumo-de-limon-exprimido/7098718",
    "price": 1.15,
    "reference_price": 4.11,
    "iva": 10,
    "reference_unit": "1 L",
    "date": "2023-01-17"
  },
  {
    "id": 6109,
    "name": "Burger de Vacuno 4 Unidades CONSUM",
    "description": "Burger de Vacuno 4 Unidades 360 Gr",
    "category": "Picadas y hamburguesas",
    "url": "https://tienda.consum.es/es/p/burger-de-vacuno-4-unidades/7098734",
    "price": 2.99,
    "reference_price": 8.31,
    "iva": 10,
    "reference_unit": "1 Kg",
    "date": "2023-01-17"
  },
  {
    "id": 6110,
    "name": "Edulcorante 75 Sobres CONSUM",
    "description": "Edulcorante 75 Sobres 75 Gr",
    "category": "Edulcorantes",
    "url": "https://tienda.consum.es/es/p/edulcorante-75-sobres/7098812",
    "price": 1.5,
    "reference_price": 20,
    "iva": 10,
    "reference_unit": "1 Kg",
    "date": "2023-01-17"
  },
  {
    "id": 6111,
    "name": "Limpiahogar Bialcohol TENN",
    "description": "Limpiahogar Bialcohol 1,3 L",
    "category": "Limpieza hogar",
    "url": "https://tienda.consum.es/es/p/limpiahogar-bialcohol/7098945",
    "price": 2.99,
    "reference_price": 2.3,
    "iva": 21,
    "reference_unit": "1 L",
    "date": "2023-01-17"
  },
  {
    "id": 6112,
    "name": "Limpiador Baño TENN",
    "description": "Limpiador Baño 1,3 L",
    "category": "Limpieza baños",
    "url": "https://tienda.consum.es/es/p/limpiador-bano/7098957",
    "price": 2.99,
    "reference_price": 2.3,
    "iva": 21,
    "reference_unit": "1 L",
    "date": "2023-01-17"
  },
  {
    "id": 6115,
    "name": "Agua Mineral Natural Garrafa CONSUM",
    "description": "Agua Mineral Natural Garrafa 5 L",
    "category": "Agua sin gas : garrafa",
    "url": "https://tienda.consum.es/es/p/agua-mineral-natural-garrafa/7099646",
    "price": 0.69,
    "reference_price": 0.14,
    "iva": 10,
    "reference_unit": "1 L",
    "date": "2023-01-17"
  },
  {
    "id": 6116,
    "name": "Agua Mineral Natural Garrafa CONSUM",
    "description": "Agua Mineral Natural Garrafa 8 L",
    "category": "Agua sin gas : garrafa",
    "url": "https://tienda.consum.es/es/p/agua-mineral-natural-garrafa/7099682",
    "price": 0.86,
    "reference_price": 0.11,
    "iva": 10,
    "reference_unit": "1 L",
    "date": "2023-01-17"
  },
  {
    "id": 6120,
    "name": "Preparado para Puchero CONSUM",
    "description": "Preparado para Puchero",
    "category": "Cerdo",
    "url": "https://tienda.consum.es/es/p/preparado-para-puchero/7099831",
    "price": 7.87,
    "reference_price": 5.59,
    "iva": 10,
    "reference_unit": "1 Kg",
    "date": "2023-01-17"
  },
  {
    "id": 6122,
    "name": "Remolacha Cocida Bandeja HUERCASA",
    "description": "Remolacha Cocida Bandeja 500 Gr",
    "category": "Otras verduras",
    "url": "https://tienda.consum.es/es/p/remolacha-cocida-bandeja/7099880",
    "price": 0.95,
    "reference_price": 1.9,
    "iva": 10,
    "reference_unit": "1 Kg",
    "date": "2023-01-17"
  },
  {
    "id": 6123,
    "name": "Leche Reafirmante Q10 Piel Normal NIVEA",
    "description": "Leche Reafirmante Q10 Piel Normal 400 ml",
    "category": "Body-lociones",
    "url": "https://tienda.consum.es/es/p/leche-reafirmante-q10-piel-normal/7100001",
    "price": 5.75,
    "reference_price": 1.44,
    "iva": 21,
    "reference_unit": "100 ml",
    "date": "2023-01-17"
  },
  {
    "id": 6128,
    "name": "Pizza Forno congelada Jamón y Queso BUITONI",
    "description": "Pizza Forno congelada Jamón y Queso 350 Gr",
    "category": "Pizza congelada",
    "url": "https://tienda.consum.es/es/p/pizza-forno-congelada-jamon-y-queso/7100824",
    "price": 3.69,
    "reference_price": 10.54,
    "iva": 10,
    "reference_unit": "1 Kg",
    "date": "2023-01-17"
  },
  {
    "id": 6129,
    "name": "Body Milk Nutritivo Piel Seca y Muy Seca NIVEA",
    "description": "Body Milk Nutritivo Piel Seca y Muy Seca 400 ml",
    "category": "Body-lociones",
    "url": "https://tienda.consum.es/es/p/body-milk-nutritivo-piel-seca-y-muy-seca/7101038",
    "price": 4.4,
    "reference_price": 1.1,
    "iva": 21,
    "reference_unit": "100 ml",
    "date": "2023-01-17"
  },
  {
    "id": 6130,
    "name": "Cebolla Dulce ",
    "description": "Cebolla Dulce",
    "category": "Patatas, cebollas y ajos",
    "url": "https://tienda.consum.es/es/p/cebolla-dulce/7101137",
    "price": 0.5,
    "reference_price": 2.07,
    "iva": 0,
    "reference_unit": "1 Kg",
    "date": "2023-01-17"
  },
  {
    "id": 6131,
    "name": "Pizza congelada Casa Di Mama Prosciutto DR.OETKER",
    "description": "Pizza congelada Casa Di Mama Prosciutto 405 Gr",
    "category": "Pizza congelada",
    "url": "https://tienda.consum.es/es/p/pizza-congelada-casa-di-mama-prosciutto/7101327",
    "price": 4.65,
    "reference_price": 11.48,
    "iva": 10,
    "reference_unit": "1 Kg",
    "date": "2023-01-17"
  },
  {
    "id": 6132,
    "name": "Pizza congelada Casa Di Mama 4 Quesos DR.OETKER",
    "description": "Pizza congelada Casa Di Mama 4 Quesos 395 Gr",
    "category": "Pizza congelada",
    "url": "https://tienda.consum.es/es/p/pizza-congelada-casa-di-mama-4-quesos/7101348",
    "price": 4.65,
    "reference_price": 11.77,
    "iva": 10,
    "reference_unit": "1 Kg",
    "date": "2023-01-17"
  },
  {
    "id": 6133,
    "name": "Mortadela Bologna FERRARINI",
    "description": "Mortadela Bologna 100 Gr",
    "category": "Mortadela y chopped",
    "url": "https://tienda.consum.es/es/p/mortadela-bologna/7101371",
    "price": 2.49,
    "reference_price": 24.9,
    "iva": 10,
    "reference_unit": "1 Kg",
    "date": "2023-01-17"
  },
  {
    "id": 6136,
    "name": "Queso Fresco Tradicional Tarrina CONSUM",
    "description": "Queso Fresco Tradicional Tarrina 250 Gr",
    "category": "Frescos y para ensaladas",
    "url": "https://tienda.consum.es/es/p/queso-fresco-tradicional-tarrina/7101728",
    "price": 2.07,
    "reference_price": 8.28,
    "iva": 0,
    "reference_unit": "1 Kg",
    "date": "2023-01-17"
  },
  {
    "id": 6137,
    "name": "Tacos de Jamón Curado Pack de 2 Unidades CONSUM",
    "description": "Tacos de Jamón Curado Pack de 2 Unidades 2 x 75 Gr",
    "category": "Jamón",
    "url": "https://tienda.consum.es/es/p/tacos-de-jamon-curado-pack-de-2-unidades/7101749",
    "price": 1.74,
    "reference_price": 11.6,
    "iva": 10,
    "reference_unit": "1 Kg",
    "date": "2023-01-17"
  },
  {
    "id": 6139,
    "name": "Preparado Lácteo Max con Cereales PULEVA",
    "description": "Preparado Lácteo Max con Cereales 1 L",
    "category": "Leche crecimiento infantil",
    "url": "https://tienda.consum.es/es/p/preparado-lacteo-max-con-cereales/7101793",
    "price": 1.85,
    "reference_price": 1.85,
    "iva": 10,
    "reference_unit": "1 L",
    "date": "2023-01-17"
  },
  {
    "id": 6140,
    "name": "Chorizo Tradicional REVILLA",
    "description": "Chorizo Tradicional 65 Gr",
    "category": "Chorizo",
    "url": "https://tienda.consum.es/es/p/chorizo-tradicional/7101806",
    "price": 1,
    "reference_price": 15.38,
    "iva": 10,
    "reference_unit": "1 Kg",
    "date": "2023-01-17"
  },
  {
    "id": 6141,
    "name": "Bebida de Soja Natural Ligera ALPRO",
    "description": "Bebida de Soja Natural Ligera 1 L",
    "category": "Bebidas vegetales",
    "url": "https://tienda.consum.es/es/p/bebida-de-soja-natural-ligera/7101871",
    "price": 1.99,
    "reference_price": 1.99,
    "iva": 10,
    "reference_unit": "1 L",
    "date": "2023-01-17"
  },
  {
    "id": 6142,
    "name": "Albóndigas de Bacalao Caseras congeladas PRECOAN",
    "description": "Albóndigas de Bacalao Caseras congeladas 400 Gr",
    "category": "Pescados y mariscos",
    "url": "https://tienda.consum.es/es/p/albondigas-de-bacalao-caseras-congeladas/7102072",
    "price": 2.19,
    "reference_price": 5.48,
    "iva": 10,
    "reference_unit": "1 Kg",
    "date": "2023-01-17"
  },
  {
    "id": 6143,
    "name": "Gel Lubricante Play de Aloe Vera DUREX",
    "description": "Gel Lubricante Play de Aloe Vera 200 ml",
    "category": "Preservativos",
    "url": "https://tienda.consum.es/es/p/gel-lubricante-play-de-aloe-vera/7102127",
    "price": 12.15,
    "reference_price": 6.08,
    "iva": 21,
    "reference_unit": "100 ml",
    "date": "2023-01-17"
  },
  {
    "id": 6144,
    "name": "Chocolate Negro 70% sin Azúcar VALOR",
    "description": "Chocolate Negro 70% sin Azúcar 125 Gr",
    "category": "Tabletas",
    "url": "https://tienda.consum.es/es/p/chocolate-negro-70-sin-azucar/7102242",
    "price": 1.99,
    "reference_price": 15.92,
    "iva": 10,
    "reference_unit": "1 Kg",
    "date": "2023-01-17"
  },
  {
    "id": 6145,
    "name": "Chocolate Puro y Almendras sin Azúcar VALOR",
    "description": "Chocolate Puro y Almendras sin Azúcar 150 Gr",
    "category": "Tabletas",
    "url": "https://tienda.consum.es/es/p/chocolate-puro-y-almendras-sin-azucar/7102247",
    "price": 2.85,
    "reference_price": 19,
    "iva": 10,
    "reference_unit": "1 Kg",
    "date": "2023-01-17"
  },
  {
    "id": 6146,
    "name": "Cubitos de Hielo Bolsa HIELOSUR",
    "description": "Cubitos de Hielo Bolsa 2 Kg",
    "category": "Hielo",
    "url": "https://tienda.consum.es/es/p/cubitos-de-hielo-bolsa/7102655",
    "price": 0.95,
    "reference_price": 0.48,
    "iva": 10,
    "reference_unit": "1 Kg",
    "date": "2023-01-17"
  },
  {
    "id": 6149,
    "name": "Moras Tarrina ",
    "description": "Moras Tarrina 125 Gr",
    "category": "Otras frutas",
    "url": "https://tienda.consum.es/es/p/moras-tarrina/7102791",
    "price": 2.78,
    "reference_price": 22.24,
    "iva": 0,
    "reference_unit": "1 Kg",
    "date": "2023-01-17"
  },
  {
    "id": 6150,
    "name": "Compota de Manzana sin Frío Pack de 2 ANELA",
    "description": "Compota de Manzana sin Frío Pack de 2 2 x 100 Gr",
    "category": "Membrillos y compotas",
    "url": "https://tienda.consum.es/es/p/compota-de-manzana-sin-frio-pack-de-2/7102952",
    "price": 1.35,
    "reference_price": 6.75,
    "iva": 10,
    "reference_unit": "1 Kg",
    "date": "2023-01-17"
  },
  {
    "id": 6151,
    "name": "Dracos Snack de Maíz Sabor Queso-Bacón CONSUM",
    "description": "Dracos Snack de Maíz Sabor Queso-Bacón 80 Gr",
    "category": "Snacks y otros aperitivos",
    "url": "https://tienda.consum.es/es/p/dracos-snack-de-maiz-sabor-queso-bacon/7103042",
    "price": 0.99,
    "reference_price": 12.38,
    "iva": 10,
    "reference_unit": "1 Kg",
    "date": "2023-01-17"
  },
  {
    "id": 6152,
    "name": "Batido de Cacao Pack de 6 CONSUM",
    "description": "Batido de Cacao Pack de 6 6 x 200 ml",
    "category": "Batidos y cafés",
    "url": "https://tienda.consum.es/es/p/batido-de-cacao-pack-de-6/7103208",
    "price": 1.45,
    "reference_price": 1.21,
    "iva": 10,
    "reference_unit": "1 L",
    "date": "2023-01-17"
  },
  {
    "id": 6153,
    "name": "Philadelphia Natural Tarrina PHILADELPHIA",
    "description": "Philadelphia Natural Tarrina 200 Gr",
    "category": "Quesos Para untar",
    "url": "https://tienda.consum.es/es/p/philadelphia-natural-tarrina/7103658",
    "price": 2.2,
    "reference_price": 11,
    "iva": 0,
    "reference_unit": "1 Kg",
    "date": "2023-01-17"
  },
  {
    "id": 6156,
    "name": "Agua Mineral Natural. Botella AQUABONA",
    "description": "Agua Mineral Natural. Botella 1,5 L",
    "category": "Agua sin gas : botella",
    "url": "https://tienda.consum.es/es/p/agua-mineral-natural-botella/7103740",
    "price": 0.56,
    "reference_price": 0.37,
    "iva": 10,
    "reference_unit": "1 L",
    "date": "2023-01-17"
  },
  {
    "id": 6160,
    "name": "Alcachofas ",
    "description": "Alcachofas (Granel)",
    "category": "Otras verduras",
    "url": "https://tienda.consum.es/es/p/alcachofas/7104164",
    "price": 0.45,
    "reference_price": 2.59,
    "iva": 0,
    "reference_unit": "1 Kg",
    "date": "2023-01-17"
  },
  {
    "id": 6161,
    "name": "Comida para Conejos Enanos VITAKRAFT",
    "description": "Comida para Conejos Enanos 1 Kg",
    "category": "Comida para otras mascotas",
    "url": "https://tienda.consum.es/es/p/comida-para-conejos-enanos/7104300",
    "price": 3.99,
    "reference_price": 3.99,
    "iva": 10,
    "reference_unit": "1 Kg",
    "date": "2023-01-17"
  },
  {
    "id": 6162,
    "name": "Caldo Casero Cocido Brik CONSUM",
    "description": "Caldo Casero Cocido Brik 1 L",
    "category": "Caldos y sopas",
    "url": "https://tienda.consum.es/es/p/caldo-casero-cocido-brik/7104511",
    "price": 0.9,
    "reference_price": 0.9,
    "iva": 10,
    "reference_unit": "1 L",
    "date": "2023-01-17"
  },
  {
    "id": 6163,
    "name": "Mantequillla CONSUM",
    "description": "Mantequilla - Pastilla de 250 Gr",
    "category": "Mantequilla y margarina",
    "url": "https://tienda.consum.es/es/p/mantequillla/7104599",
    "price": 2.19,
    "reference_price": 8.76,
    "iva": 10,
    "reference_unit": "1 Kg",
    "date": "2023-01-17"
  },
  {
    "id": 6164,
    "name": "Baguette Rústica ",
    "description": "Baguette Rústica 210 Gr",
    "category": "Pan de horno",
    "url": "https://tienda.consum.es/es/p/baguette-rustica/7104961",
    "price": 0.86,
    "reference_price": 4.1,
    "iva": 0,
    "reference_unit": "1 Kg",
    "date": "2023-01-17"
  },
  {
    "id": 6165,
    "name": "Patata Freír Malla ",
    "description": "Patata Freír Malla 2 Kg",
    "category": "Patatas, cebollas y ajos",
    "url": "https://tienda.consum.es/es/p/patata-freir-malla/7105232",
    "price": 3.64,
    "reference_price": 1.82,
    "iva": 0,
    "reference_unit": "1 Kg",
    "date": "2023-01-17"
  },
  {
    "id": 6166,
    "name": "Patata Cocer Malla ",
    "description": "Patata Cocer Malla 2 Kg",
    "category": "Patatas, cebollas y ajos",
    "url": "https://tienda.consum.es/es/p/patata-cocer-malla/7105237",
    "price": 3.64,
    "reference_price": 1.82,
    "iva": 0,
    "reference_unit": "1 Kg",
    "date": "2023-01-17"
  },
  {
    "id": 6167,
    "name": "Patatas Fritas Lisas Oliva Bolsa CONSUM",
    "description": "Patatas Fritas Lisas Oliva Bolsa 130 Gr",
    "category": "Patatas fritas",
    "url": "https://tienda.consum.es/es/p/patatas-fritas-lisas-oliva-bolsa/7105302",
    "price": 1.89,
    "reference_price": 14.54,
    "iva": 10,
    "reference_unit": "1 Kg",
    "date": "2023-01-17"
  },
  {
    "id": 6168,
    "name": "Masa de Empanada Rectangular BUITONI",
    "description": "Masa de Empanada Rectangular 280 Gr",
    "category": "Refrigeradas",
    "url": "https://tienda.consum.es/es/p/masa-de-empanada-rectangular/7105591",
    "price": 2.59,
    "reference_price": 9.25,
    "iva": 10,
    "reference_unit": "1 Kg",
    "date": "2023-01-17"
  },
  {
    "id": 6170,
    "name": "Activia 0% Edulcorado Desnatado Natural P-4ud DANONE",
    "description": "Activia 0% Edulcorado Desnatado Natural P-4ud 4 x 120 Gr",
    "category": "Bífidus",
    "url": "https://tienda.consum.es/es/p/activia-0-edulcorado-desnatado-natural-p-4ud/7106032",
    "price": 2.69,
    "reference_price": 5.6,
    "iva": 10,
    "reference_unit": "1 Kg",
    "date": "2023-01-17"
  },
  {
    "id": 6173,
    "name": "Guindillas Vascas en Vinagre Frasco GUIPUZCOANA",
    "description": "Guindillas Vascas en Vinagre Frasco 130 Gr",
    "category": "Guindillas",
    "url": "https://tienda.consum.es/es/p/guindillas-vascas-en-vinagre-frasco/7106248",
    "price": 4.25,
    "reference_price": 32.69,
    "iva": 10,
    "reference_unit": "1 Kg",
    "date": "2023-01-17"
  },
  {
    "id": 6175,
    "name": "Refresco Cola Zero Bipack Indivisible COCA-COLA",
    "description": "Refresco Cola Zero Bipack Indivisible 2 x 2 L",
    "category": "Cola",
    "url": "https://tienda.consum.es/es/p/refresco-cola-zero-bipack-indivisible/7106339",
    "price": 4,
    "reference_price": 1,
    "iva": 21,
    "reference_unit": "1 L",
    "date": "2023-01-17"
  },
  {
    "id": 6176,
    "name": "Pimiento Italiano. ",
    "description": "Pimiento Italiano.",
    "category": "Pepinos, tomates y pimientos",
    "url": "https://tienda.consum.es/es/p/pimiento-italiano/7106425",
    "price": 0.23,
    "reference_price": 2.01,
    "iva": 0,
    "reference_unit": "1 Kg",
    "date": "2023-01-17"
  }
]
